2949 4647
1112 129 1414 186 ORATOR
1451 137 1499 185 1.
1538 136 1695 189 4-5.

2497 129 2585 194 33

227 294 466 367 Quodsi
529 313 709 376 quem
772 305 874 357 aut
936 305 1169 358 natura·
1211 316 1318 358 sua
1381 298 1480 358 illa
1549 301 1928 378 praestantis,
1971 300 2194 378 ingenii
2264 300 2351 358 vis
2426 298 2583 358 forte

229 384 477 445 deficiet
542 393 645 446 aut
707 388 903 446 minus
968 387 1299 447 instructus
1364 389 1481 448 erit
1544 405 1891 466 magnarum
1954 390 2173 448 artium
2236 386 2581 467 discipliniS,

231 482 442 535 teneat
487 481 686 558 tamen
733 493 871 535 eum
929 493 1172 536 cursum
1233 495 1411 554 quem
1463 478 1715 557 poterit3
1778 478 1969 555 prima
2025 478 2185 537 enim
2231 483 2583 554 sequentem

229 562 558 624 honestum
623 571 715 624 est
776 555 845 624 in'
903 563 1182 625 secundis
1247 567 1559 644 tertiisque
1618 566 1961 626 consistere.
2026 637 2031 642 ,
2070 564 2218 624 Nam
2272 567 2333 624 in
2387 565 2583 644 poetis

167 672 202 712 5
231 669 358 711 non
393 651 655 712 Homero
703 652 813 712 soli
866 652 1034 714 locus
1091 661 1206 734 est,
1263 661 1330 714 ut
1385 654 1457 714 de
1506 653 1747 714 Graecis
1792 653 2026 733 loquar,
2083 662 2184 713 aut
2229 651 2581 713 Archilocho

231 747 338 801 aut
387 740 670 819 Sophocli
715 749 817 802 aut
860 740 1138 824 Pindaro,
1184 742 1287 804 sed
1334 743 1553 803 horum
1598 741 1690 802 vel
1736 742 2016 803 secundis
2063 742 2154 802 vel
2202 742 2379 802 etiam
2425 742 2581 802 infra

232 829 560 910 secundos;
627 847 738 890 nec
803 848 943 890 vero
999 831 1380 892 Aristotelem
1443 833 1507 892 in
1561 830 1932 911 philosophia
1995 830 2289 892 deterruit
2344 847 2377 888 a
2433 831 2578 890 scri·
2618 839 2653 888 5

230 916 430 978 hendo
488 917 810 998 amplitudo
856 917 1145 1000 PlatoniS,
1199 938 1310 980 nec
1367 921 1495 999 ipse
1542 919 1889 980 Aristoteles
1944 917 2272 980 admirabili
2329 917 2581 996 quadam

215 1008 485 1066 -scientia
533 1015 593 1067 et
639 1009 806 1091 copia
853 1015 1193 1068 ceterorum
1239 1009 1435 1069 studia
1480 1010 1775 1070 restinxit.
1840 1007 1964 1069 Nec
2002 1008 2192 1069 solum
2229 1005 2302 1067 ah
2340 1008 2580 1087 optimis
2617 1003 2663 1066 2

135 1118 202 1158 ιο
233 1093 450 1155 studiis
495 1095 854 1156 excellentes
902 1099 1012 1180 viri
1058 1096 1329 1158 deterriti
1375 1117 1496 1157 non
1544 1105 1710 1177 sunt,
1767 1097 1869 1157 sed
1927 1116 2002 1158 ne
2052 1097 2293 1176 opifices
2340 1095 2583 1175 quidem

227 1202 300 1243 se
350 1183 424 1243 ab
470 1183 698 1246 artibus
755 1187 880 1245 suis
937 1194 1345 1260 removerunt,
1403 1189 1506 1265 qui
1559 1193 1663 1246 aut
1708 1185 1904 1266 Ialysi,
1961 1203 2139 1264 quem
2186 1184 2380 1246 Rhodi
2436 1184 2578 1244 vidi-

228 1291 387 1353 muS,
433 1290 554 1333 non
599 1281 927 1352 potuerunt
972 1261 1080 1335 au't'
1120 1272 1273 1335 Coae
1320 1273 1568 1336 Veneris
1612 1273 2120 1354 pulchritudinem
2162 1274 2409 1353 imitari3
2465 1291 2579 1332 nec

227 1360 553 1422 simulacro
592 1361 745 1421 Iovis
783 1361 1037 1443 Olympii
1082 1372 1186 1423 aut
1231 1363 1553 1444 doryphori
1591 1372 1784 1424 statua
1819 1363 2092 1423 deterriti
2130 1361 2344 1440 reliqui
2383 1363 2579 1422 minus
2674 1443 2681 1450 β

230 1452 467 1529 experti
514 1457 672 1531 sunt,
720 1450 858 1529 quid
908 1451 1146 1512 efficere
1184 1461 1287 1514 aut
1334 1471 1451 1531 quo
1489 1451 1770 1533 progredi
1806 1459 2076 1531 possent3
2122 1469 2381 1530 quorum
2416 1459 2579 1512 tanta

135 1563 196 1602 15
227 1538 552 1599 multitudo
617 1539 764 1620 fuit,
839 1548 1000 1601 tanta
1063 1543 1126 1600 in
1199 1559 1308 1602 suo
1375 1544 1665 1620 cuiusque
1742 1559 1960 1620 genere
2034 1539 2160 1600 laus
2173 1587 2192 1620 ,
2266 1547 2367 1620 ut,
2441 1557 2578 1599 cum

227 1645 464 1688 summa
510 1629 884 1709 miraremur,
928 1629 1213 1690 inferiora
1257 1641 1455 1691 tamen
1484 1628 1891 1710 probaremus,
1949 1628 2015 1689 In
2054 1627 2391 1689 oratoribus
2419 1645 2577 1709 vero,

303 1769 354 1818 1.
405 1763 615 1834 Quodsi
649 1765 755 1818 etc.
801 1780 966 1820 wenn
1005 1764 1214 1835 jedoch
1259 1764 1352 1820 die

225 1833 437 1888 beiden
463 1833 753 1902 Factoren,
780 1834 880 1889 das
906 1834 1195 1906 ingenium
1221 1831 1353 1904 (φῦ-

222 1907 338 1974 σις)
387 1905 505 1959 und
559 1904 650 1960 die
706 1905 962 1972 doctrina.
1011 1901 1352 1976 (ἐπιστήμη),

221 1975 438 2045 gerade
463 1975 625 2031 nicht
651 1977 731 2030 im
759 1977 1154 2033 eminenten
1183 1977 1352 2032 Sinne

227 2045 560 2101 voi-handen
597 2045 722 2101 sind
749 2051 912 2118 (ganz
940 2048 1129 2104 fehlen
1156 2049 1354 2104 durfen

225 2118 314 2172 sie
350 2117 636 2172 natfirlich
683 2119 846 2174 nicht.
889 2119 1002 2188 vgl.
1049 2120 1119 2174 de
1164 2136 1242 2174 or.
1281 2119 1352 2186 11,

219 2191 350 2256 86);
417 2193 626 2243 natwra
678 2205 785 2244 sua
846 2197 1109 2260 vermoge
1169 2191 1352 2246 seiner

219 2259 510 2336 geistigen
547 2260 782 2331 Anlag'e‚
817 2261 1144 2333 Begabung.

299 2337 350 2387 2.
415 2348 745 2401 maynarum
811 2336 1018 2387 artium
1031 2377 1044 2403 ,
1118 2335 1178 2389 in
1241 2334 1350 2389 den

220 2402 508 2458 hochsten
543 2401 1120 2459 wissenschaftlichen
1149 2406 1348 2461 Gebie-

221 2478 343 2543 ten,
374 2474 490 2529 bes.
521 2474 621 2527 der
647 2474 1038 2543 griechischen
1066 2476 1350 2531 Literatur

220 2545 344 2598 und
382 2543 771 2614 Philosophie3
827 2548 1010 2601 minus
1059 2548 1120 2601 in
1162 2546 1348 2617 gerin-

215 2632 422 2687 gerem
460 2614 661 2683 Grade.

234 2688 236 2690 ’
299 2692 350 2741 3.
398 2692 576 2741 teneat
611 2690 718 2742 etc.
764 2686 1047 2743 bekannte
1093 2704 1204 2743 von
1246 2688 1348 2743 der

217 2756 540 2812 Schiffahrt
593 2758 883 2813 entlehnte
929 2758 1222 2828 Metapher
1275 2760 1347 2814 de

217 2846 306 2883 or.
347 2829 402 2895 Ι,
442 2835 500 2896 1;
558 2846 714 2899 quem
758 2832 966 2899 poterit
1017 2829 1125 2885 mit
1175 2831 1345 2885 nach-

213 2899 584 2953 drfleklicher
609 2900 906 2972 Betonung
933 2900 1216 2975 anQEnde
1249 2917 1346 2971 ge·

218 2970 420 3037 seeum
466 2976 765 3041 sequentem
809 2972 914 3028 wie
951 2990 1114 3026 unser
1159 2973 1347 3041 ,nach-

217 3042 430 3112 3611οώ
465 3041 545 3096 im
574 3041 742 3096 Sinne
779 3059 890 3098 von
924 3044 1348 3112 naehta-achiam,

213 3114 626 3180 nachstreben‚
686 3130 756 3166 zu
805 3113 1090 3168 eri-eichen
1139 3115 1350 3169 suchen

220 3191 313 3239 53.
357 3191 479 3239 164.
521 3190 639 3238 174.
683 3189 800 3240 191.
843 3190 948 3239 234
993 3183 1093 3253 (im
1129 3184 1346 3257 Gegen-

209 3258 351 3309 satz
386 3272 500 3310 von
533 3255 774 3325 fugere);
813 3256 883 3310 de
912 3273 991 3311 or.
1028 3256 1124 3322 III,
1162 3264 1247 3311 44.

295 3334 350 3381 6.
387 3326 584 3380 horum
616 3327 869 3381 secandis
903 3322 1117 3381 τούτων
1153 3325 1347 3383 δευτέ-

209 3416 374 3465 ροις,
421 3396 512 3451 die
561 3397 683 3453 sich
729 3396 837 3451 den
881 3401 1198 3469 genennten
1238 3398 1348 3453 Ko-

218 3468 482 3539 ryphaen
519 3468 619 3523 der
655 3468 934 3537 epischen‚
971 3468 1254 3539 lyrischen
1289 3487 1344 3523 u.

218 3539 646 3594 dramatischen
688 3538 977 3609 Dichtung
1019 3541 1102 3595 als
1151 3538 1348 3595 Sterne

209 3610 455 3664 zweiter
525 3610 729 3666 Grosse
812 3610 1081 3665 anreihen
1151 3610 1344 3666 Horat.

221 3700 401 3737 carm.
430 3682 456 3735 Ι
481 3687 566 3750 12,
589 3688 682 3747 16;
718 3683 879 3748 infra
913 3682 1191 3748 secundos,
1227 3699 1348 3737 ver-

217 3754 459 3807 kfirzter
483 3752 781 3807 Ausdruck
817 3755 957 3808 stati.
992 3752 1089 3821 eie,
1129 3752 1225 3823 qui
1260 3751 1347 3807 in-

217 3824 314 3877 fra
365 3822 638 3879 secundos
702 3826 846 3879 sunt.
923 3822 1082 3880 Ovid.
1119 3824 1347 3879 Metam.

297 3972 350 4020 7.
386 3981 645 4031 necvero,
680 3964 789 4019 wie
817 3970 868 4019 9.
893 3970 975 4019 16.
996 3970 1081 4019 32.
1113 3971 1200 4021 71.
1221 3972 1349 4033 118;

215 4038 289 4091 in
307 4036 666 4106 philosophia
693 4036 821 4091 dem
849 4036 1350 4105 vorausgehenden

214 4107 282 4161 in
320 4107 505 4177 poetis
532 4107 795 4178 parallel:
834 4106 938 4162 auf
956 4106 1085 4161 dem
1112 4104 1346 4163 Gebiete

215 4178 327 4232 der
362 4177 742 4249 Philosophie.

295 4256 349 4306 8.
387 4251 713 4305 admirabili
735 4252 993 4319 quadam,
1022 4248 1200 4304 durch
1222 4249 1346 4305 eine

211 4336 370 4389 ganz
435 4320 1154 4391 bewunderungswfirdi303
1227 4319 1346 4390 qui-

214 4393 378 4458 dam,
413 4391 650 4448 hinter
685 4392 785 4447 das
822 4392 1083 4463 Adjectiv
1119 4392 1348 4462 gestellt

305 4480 418 4522 010.
451 4480 706 4524 ORATOR.

1458 1765 1808 1831 bezeichnet,
1842 1763 1949 1818 wie
1978 1764 2079 1819 das
2105 1764 2314 1833 griech.
2340 1762 2442 1830 τὶς,
2469 1763 2580 1817 den

1460 1835 1709 1905 Umfang
1727 1835 1824 1890 des
1834 1834 2071 1904 Begriffs
2090 1835 2175 1890 als
2193 1833 2574 1903 nubentimmt,

1460 1907 1614 1977 zeigt
1648 1907 1825 1961 daher
1858 1907 1921 1960 in
1954 1905 2056 1960 der
2089 1905 2269 1975 Regel
2306 1922 2405 1972 an,
2450 1905 2579 1960 dass

1459 1979 1562 2032 das
1598 1978 1767 2033 Wort
1799 1976 1862 2030 in
1898 1976 2081 2031 einem
2118 1992 2180 2031 so
2216 1976 2405 2031 hohen
2442 1975 2580 2030 Sinn

1461 2067 1532 2104 zu
1566 2048 1812 2103 nehmen
1846 2047 1945 2112 sei,
1990 2046 2097 2102 wie
2132 2064 2267 2101 man
2303 2046 2424 2102 sich
2462 2047 2578 2100 die-

1460 2137 1561 2175 sen
1594 2137 1700 2174 nur
1734 2118 1935 2188 irgend
1970 2117 2192 2172 denken
2226 2117 2428 2186 kenne,
2466 2136 2508 2173 s.
2526 2123 2576 2171 9.

1461 2197 1555 2257 15ς
1608 2191 1856 2260 Tuaen,
1880 2195 1964 2246 11.
2001 2189 2070 2243 de
2106 2205 2263 2258 prov.
2302 2204 2451 2244 cons.
2489 2193 2576 2243 44.

1530 2268 1580 2317 9.
1618 2262 1838 2331 optimis
1862 2261 2083 2327 studii-⁴3,
2120 2261 2239 2314 also
2277 2258 2576 2315 besonders

1455 2332 1653 2389 Poesie
1690 2352 1743 2389 u.
1783 2331 2163 2402 Philosophia,
2208 2331 2300 2386 die
2336 2348 2578 2401 magnae

1455 2408 1605 2460 artes
1642 2406 1789 2473 (147)
1826 2403 1976 2469 sind;
2020 2418 2122 2474 pro
2158 2404 2329 2458 Arch.
2364 2408 2399 2457 4
2434 2402 2575 2457 libe-

1454 2475 1745 2531 ralissimis
1782 2475 1997 2532 studiis.

1531 2552 1615 2602 10.
1653 2548 1888 2615 opifices,
1923 2545 2173 2601 insofern
2208 2544 2304 2601 bei
2330 2545 2440 2599 den
2464 2543 2576 2599 bil-

1455 2618 1676 2673 denden
1712 2617 1969 2671 Kiinsten
2011 2615 2213 2670 immor
2248 2616 2393 2671 doch
2429 2615 2577 2669 auch

1455 2690 1579 2743 eine
1716 2688 1874 2743 wisse
1928 2686 2319 2741 mechanische
2373 2684 2575 2739 Werk·

1455 2704 1767 2828 thatigfigit
1822 2776 1891 2811 zu
1938 2759 2089 2812 iiben
2136 2773 2271 2822 war,
2324 2756 2577 2825 gehfiren

1455 2831 1539 2885 sie
1589 2844 1722 2885 vom
1778 2827 2137 2898 Standpunkt
2190 2828 2287 2883 des
2342 2828 2576 2881 Romers

1457 2919 1557 2955 aus
1595 2904 1786 2971 strong
1820 2914 2156 2969 genommen
2179 2898 2339 2953 nicht
2364 2916 2432 2953 zu
2466 2897 2578 2952 den

1455 2972 1705 3027 hoheren
1749 2969 1871 3026 rein
1915 2969 2267 3040 geistigen
2311 2968 2578 3025 Beschitf·

1455 3043 1744 3113 tigungen.
1785 3044 1949 3097 Tusc.
1978 3042 2005 3095 I
2032 3047 2103 3096 34
2139 3041 2237 3096 sed
2274 3040 2409 3109 quid
2446 3056 2578 3109 poe-

1454 3118 1583 3169 tas?
1634 3113 1861 3183 opifices
1916 3115 2048 3183 post
2090 3116 2328 3167 mortem
2372 3110 2576 3167 nobili·

1454 3185 1569 3241 tari
1603 3184 1816 3240 volunt.

1531 3262 1615 3313 11.
1653 3257 1723 3311 ab
1761 3255 1977 3311 artibus
2011 3260 2098 3309 32.
2136 3254 2207 3308 de
2244 3270 2325 3309 or.
2340 3252 2490 3320 11‚55
2518 3271 2574 3307 u.

1455 3334 1593 3393 3063
1655 3328 1895 3383 vidimus
1948 3325 2232 3380 entweder
2284 3324 2363 3378 im
2407 3324 2457 3377 J.
2507 3329 2574 3378 78

1455 3399 1592 3453 oder
1628 3404 1697 3453 oo
1736 3398 1871 3453 oder
1904 3396 2242 3462 beidema103
2282 3394 2429 3449 auch
2464 3394 2577 3448 wol

1453 3470 1660 3524 Brutus
1694 3468 1775 3523 im
1810 3468 1862 3523 J.
1890 3474 1975 3529 53.
2012 3468 2096 3522 als
2133 3484 2194 3522 er
2230 3467 2335 3521 mit
2361 3465 2576 3536 Appius

1455 3539 1722 3596 Claudius
1758 3541 1905 3594 nach
1942 3538 2181 3593 Cilicien
2216 3538 2367 3607 ging.

1530 3617 1613 3665 15.
1650 3612 1715 3666 in
1750 3626 1850 3665 suo
1886 3611 2147 3679 cuiusque
2182 3624 2370 3679 yenere
2397 3607 2466 3662 de
2495 3624 2573 3662 or.

1454 3682 1535 3737 ΠΙ
1564 3687 1632 3738 34
1668 3698 1831 3736 omne
1866 3681 2146 3749 laudatur,
2194 3679 2344 3749 quod
2378 3678 2440 3732 in
2474 3695 2574 3733 suo

1455 3769 1659 3823 genere
1692 3753 2003 3823 perfectum
2042 3755 2146 3805 est.

1500 3831 1615 3879 .16.
1669 3825 1997 3879 miraremur
2047 3828 2133 3878 23.
2181 3826 2418 3875 42.104.
2452 3825 2574 3886 174,

1454 3896 1641 3951 neben
1697 3892 1963 3949 admirari
2016 3892 2116 3947 der
2172 3892 2287 3947 fast
2316 3891 2591 3947 461611116-

2616 1639 2651 1686 6

1458 3966 1753 4021 Ausdruck
1786 3966 1880 4020 bei
1916 3964 2025 4019 den
2058 3964 2332 4019 hochsten
2368 3963 2576 4016 Kunst·
2612 3972 2626 3977 ·

1455 4037 1778 4106 leistungen
1822 4042 1907 4090 97.
1962 4036 2033 4089 de
2082 4052 2160 4090 or.
2207 4033 2317 4103 ΠΙ,
2361 4038 2447 4089 38.
2488 4038 2573 4089 52.

1455 4109 1617 4165 Nach
1646 4108 1799 4162 einer
1826 4108 1955 4163 sehr
1971 4106 2236 4175 hitufigen
2256 4103 2575 4159 Attraction

1453 4179 1534 4235 ist
1568 4179 1668 4234 das
1690 4178 1933 4248 Tempus
1965 4178 2063 4232 des
2090 4175 2576 4247 eingeschobenen

1455 4250 1959 4318 Concessivsatzes‚
2006 4248 2189 4305 obwol
2235 4246 2412 4301 diener
2449 4245 2575 4301 eino

1454 4339 1597 4390 ganz
1650 4319 1987 4391 allgemeine
2043 4319 2283 4374 Sentenz
2334 4316 2581 4381 anehalt,

1452 4394 1582 4447 dem
1604 4394 1845 4462 Tempus
1872 4391 1971 4446 des
1994 4390 2353 4459 abhangigen
2383 4386 2577 4442 Satzes

2112 4484 2144 4532 3
