<?xml version="1.0" encoding="UTF-8"?>
<!DOCTYPE html PUBLIC "-//W3C//DTD XHTML 1.0 Transitional//EN"
    "http://www.w3.org/TR/xhtml1/DTD/xhtml1-transitional.dtd">
<html xmlns="http://www.w3.org/1999/xhtml" xml:lang="en" lang="en">
 <head>
  <title>
</title>
<meta http-equiv="Content-Type" content="text/html;charset=utf-8" />
  <meta name='ocr-system' content='tesseract 3.04.00' />
  <meta name='ocr-capabilities' content='ocr_page ocr_carea ocr_par ocr_line ocrx_word'/>
</head>
<body>
  <div class='ocr_page' id='page_1' title='image "./oratoradmbrutum00cicegoog/oratoradmbrutum00cicegoog_0115.png"; bbox 0 0 2949 4647; ppageno 0'>
   <div class='ocr_carea' id='block_1_1' title="bbox 179 448 413 534">
    <p class='ocr_par' dir='ltr' id='par_1_1' title="bbox 179 448 413 534">
     <span class='ocr_line' id='line_1_1' title="bbox 179 448 413 534; baseline 0 -22"><span class='ocrx_word' id='word_1_1' title='bbox 179 448 292 534; x_wconf 90' lang='lat'><strong>44,</strong></span> <span class='ocrx_word' id='word_1_2' title='bbox 312 463 413 512; x_wconf 84' lang='lat'><strong>149</strong></span> 
     </span>
    </p>
   </div>
   <div class='ocr_carea' id='block_1_2' title="bbox 296 107 422 172">
    <p class='ocr_par' dir='ltr' id='par_1_2' title="bbox 296 107 422 172">
     <span class='ocr_line' id='line_1_2' title="bbox 296 107 422 172; baseline -0.016 0"><span class='ocrx_word' id='word_1_3' title='bbox 296 107 422 172; x_wconf 86' lang='lat'><strong>108</strong></span> 
     </span>
    </p>
   </div>
   <div class='ocr_carea' id='block_1_3' title="bbox 1178 103 1767 160">
    <p class='ocr_par' dir='ltr' id='par_1_3' title="bbox 1178 103 1767 160">
     <span class='ocr_line' id='line_1_3' title="bbox 1178 103 1767 160; baseline -0.002 -1"><span class='ocrx_word' id='word_1_4' title='bbox 1178 103 1483 160; x_wconf 75' lang='lat' dir='ltr'><strong>ORATOR.</strong></span> <span class='ocrx_word' id='word_1_5' title='bbox 1516 107 1604 158; x_wconf 84' lang='grc'><strong>44.</strong></span> <span class='ocrx_word' id='word_1_6' title='bbox 1643 109 1767 158; x_wconf 84' lang='grc'><strong>149.</strong></span> 
     </span>
    </p>
   </div>
   <div class='ocr_carea' id='block_1_4' title="bbox 290 266 2644 443">
    <p class='ocr_par' dir='ltr' id='par_1_4' title="bbox 290 266 2644 443">
     <span class='ocr_line' id='line_1_4' title="bbox 291 266 2644 354; baseline -0.003 -20"><span class='ocrx_word' id='word_1_7' title='bbox 291 274 613 354; x_wconf 81' lang='lat' dir='ltr'><strong>perfectae,</strong></span> <span class='ocrx_word' id='word_1_8' title='bbox 658 273 929 353; x_wconf 83' lang='lat' dir='ltr'><strong>profecto</strong></span> <span class='ocrx_word' id='word_1_9' title='bbox 967 269 1308 332; x_wconf 83' lang='lat' dir='ltr'><strong>forensibus</strong></span> <span class='ocrx_word' id='word_1_10' title='bbox 1345 271 1571 330; x_wconf 88' lang='lat' dir='ltr'><strong>nostris</strong></span> <span class='ocrx_word' id='word_1_11' title='bbox 1598 268 1782 330; x_wconf 87' lang='lat' dir='ltr'><strong>rebus</strong></span> <span class='ocrx_word' id='word_1_12' title='bbox 1810 272 1989 331; x_wconf 87' lang='lat' dir='ltr'><strong>etiam</strong></span> <span class='ocrx_word' id='word_1_13' title='bbox 2016 268 2381 330; x_wconf 79' lang='lat' dir='ltr'><strong>domesticae</strong></span> <span class='ocrx_word' id='word_1_14' title='bbox 2406 266 2644 328; x_wconf 80' lang='lat' dir='ltr'><strong>litterae</strong></span> 
     </span>
     <span class='ocr_line' id='line_1_5' title="bbox 290 357 2415 443; baseline -0.005 -20"><span class='ocrx_word' id='word_1_15' title='bbox 290 362 758 443; x_wconf 87' lang='lat' dir='ltr'><strong>respondebunt.</strong></span> <span class='ocrx_word' id='word_1_16' title='bbox 851 360 966 421; x_wconf 87' lang='lat' dir='ltr'><strong>Sed</strong></span> <span class='ocrx_word' id='word_1_17' title='bbox 1016 359 1088 421; x_wconf 89' lang='lat' dir='ltr'><strong>ad</strong></span> <span class='ocrx_word' id='word_1_18' title='bbox 1133 361 1466 420; x_wconf 86' lang='lat' dir='ltr'><strong>institutam</strong></span> <span class='ocrx_word' id='word_1_19' title='bbox 1513 357 1979 439; x_wconf 86' lang='lat' dir='ltr'><strong>disputationem</strong></span> <span class='ocrx_word' id='word_1_20' title='bbox 2024 364 2415 418; x_wconf 84' lang='lat' dir='ltr'><strong>revertamur.</strong></span> 
     </span>
    </p>
   </div>
   <div class='ocr_carea' id='block_1_5' title="bbox 553 445 2643 532">
    <p class='ocr_par' dir='ltr' id='par_1_5' title="bbox 553 445 2643 532">
     <span class='ocr_line' id='line_1_6' title="bbox 553 445 2643 532; baseline -0.003 -21"><span class='ocrx_word' id='word_1_21' title='bbox 553 449 1015 511; x_wconf 86' lang='lat' dir='ltr'><strong>Collocabuntur</strong></span> <span class='ocrx_word' id='word_1_22' title='bbox 1059 449 1246 526; x_wconf 80' lang='lat' dir='ltr'><strong>igitur</strong></span> <span class='ocrx_word' id='word_1_23' title='bbox 1290 446 1488 527; x_wconf 87' lang='lat' dir='ltr'><strong>verba,</strong></span> <span class='ocrx_word' id='word_1_24' title='bbox 1536 455 1602 508; x_wconf 86' lang='lat' dir='ltr'><strong>ut</strong></span> <span class='ocrx_word' id='word_1_25' title='bbox 1648 454 1750 508; x_wconf 87' lang='lat' dir='ltr'><strong>aut</strong></span> <span class='ocrx_word' id='word_1_26' title='bbox 1796 449 1953 508; x_wconf 87' lang='lat' dir='ltr'><strong>inter</strong></span> <span class='ocrx_word' id='word_1_27' title='bbox 2000 464 2065 507; x_wconf 89' lang='lat' dir='ltr'><strong>se</strong></span> <span class='ocrx_word' id='word_1_28' title='bbox 2112 463 2313 532; x_wconf 13' lang='lat' dir='ltr'><strong>quam*</strong></span> <span class='ocrx_word' id='word_1_29' title='bbox 2336 445 2643 524; x_wconf 72' lang='lat' dir='ltr'><strong>aptissime</strong></span> 
     </span>
    </p>
   </div>
   <div class='ocr_carea' id='block_1_6' title="bbox 291 534 2701 1061">
    <p class='ocr_par' dir='ltr' id='par_1_6' title="bbox 291 534 2701 798">
     <span class='ocr_line' id='line_1_7' title="bbox 292 534 2644 616; baseline -0.004 -16"><span class='ocrx_word' id='word_1_30' title='bbox 292 539 650 600; x_wconf 80' lang='lat' dir='ltr'><strong>cohaereant</strong></span> <span class='ocrx_word' id='word_1_31' title='bbox 695 549 962 599; x_wconf 82' lang='lat' dir='ltr'><strong>extrema</strong></span> <span class='ocrx_word' id='word_1_32' title='bbox 1007 554 1144 597; x_wconf 91' lang='lat' dir='ltr'><strong>cum</strong></span> <span class='ocrx_word' id='word_1_33' title='bbox 1189 538 1400 616; x_wconf 88' lang='lat' dir='ltr'><strong>primis</strong></span> <span class='ocrx_word' id='word_1_34' title='bbox 1457 552 1645 614; x_wconf 88' lang='lat' dir='ltr'><strong>eaque</strong></span> <span class='ocrx_word' id='word_1_35' title='bbox 1702 538 1824 598; x_wconf 89' lang='lat' dir='ltr'><strong>sint</strong></span> <span class='ocrx_word' id='word_1_36' title='bbox 1879 553 2057 614; x_wconf 87' lang='lat' dir='ltr'><strong>quam</strong></span> <span class='ocrx_word' id='word_1_37' title='bbox 2090 534 2479 609; x_wconf 77' lang='lat' dir='ltr'><strong>suavissimis</strong></span> <span class='ocrx_word' id='word_1_38' title='bbox 2544 550 2644 591; x_wconf 86' lang='lat' dir='ltr'><strong>vo-</strong></span> 
     </span>
     <span class='ocr_line' id='line_1_8' title="bbox 292 620 2701 710; baseline -0.002 -22"><span class='ocrx_word' id='word_1_39' title='bbox 292 627 481 710; x_wconf 78' lang='lat' dir='ltr'><strong>cibuS,</strong></span> <span class='ocrx_word' id='word_1_40' title='bbox 542 635 646 688; x_wconf 90' lang='lat' dir='ltr'><strong>aut</strong></span> <span class='ocrx_word' id='word_1_41' title='bbox 689 635 759 688; x_wconf 90' lang='lat' dir='ltr'><strong>ut</strong></span> <span class='ocrx_word' id='word_1_42' title='bbox 803 627 992 687; x_wconf 78' lang='lat' dir='ltr'><strong>forma</strong></span> <span class='ocrx_word' id='word_1_43' title='bbox 1037 628 1167 705; x_wconf 90' lang='lat' dir='ltr'><strong>ipsa</strong></span> <span class='ocrx_word' id='word_1_44' title='bbox 1213 626 1703 704; x_wconf 82' lang='lat' dir='ltr'><strong>concinnitasque</strong></span> <span class='ocrx_word' id='word_1_45' title='bbox 1750 624 2071 685; x_wconf 87' lang='lat' dir='ltr'><strong>verborum</strong></span> <span class='ocrx_word' id='word_1_46' title='bbox 2116 622 2391 684; x_wconf 85' lang='lat' dir='ltr'><strong>conficiat</strong></span> <span class='ocrx_word' id='word_1_47' title='bbox 2434 620 2647 682; x_wconf 88' lang='lat' dir='ltr'><strong>orbem</strong></span> <span class='ocrx_word' id='word_1_48' title='bbox 2671 629 2701 672; x_wconf 80' lang='lat'><strong>⁶</strong></span> 
     </span>
     <span class='ocr_line' id='line_1_9' title="bbox 291 712 2139 798; baseline -0.003 -21"><span class='ocrx_word' id='word_1_49' title='bbox 291 734 486 798; x_wconf 88' lang='lat' dir='ltr'><strong>suum,</strong></span> <span class='ocrx_word' id='word_1_50' title='bbox 533 725 636 776; x_wconf 89' lang='lat' dir='ltr'><strong>aut</strong></span> <span class='ocrx_word' id='word_1_51' title='bbox 660 723 748 776; x_wconf 90' lang='lat' dir='ltr'><strong>.ut</strong></span> <span class='ocrx_word' id='word_1_52' title='bbox 793 713 1247 796; x_wconf 87' lang='lat' dir='ltr'><strong>comprehensio</strong></span> <span class='ocrx_word' id='word_1_53' title='bbox 1295 729 1616 773; x_wconf 85' lang='lat' dir='ltr'><strong>numerose</strong></span> <span class='ocrx_word' id='word_1_54' title='bbox 1664 721 1725 773; x_wconf 89' lang='lat' dir='ltr'><strong>et</strong></span> <span class='ocrx_word' id='word_1_55' title='bbox 1770 721 1905 793; x_wconf 84' lang='lat' dir='ltr'><strong>apte</strong></span> <span class='ocrx_word' id='word_1_56' title='bbox 1952 712 2139 774; x_wconf 87' lang='lat' dir='ltr'><strong>cadat.</strong></span> 
     </span>
    </p>

    <p class='ocr_par' dir='ltr' id='par_1_7' title="bbox 291 798 2648 1061">
     <span class='ocr_line' id='line_1_10' title="bbox 469 798 2647 884; baseline -0.002 -20"><span class='ocrx_word' id='word_1_57' title='bbox 469 804 663 884; x_wconf 87' lang='lat' dir='ltr'><strong>Atque</strong></span> <span class='ocrx_word' id='word_1_58' title='bbox 709 803 854 865; x_wconf 92' lang='lat' dir='ltr'><strong>illud</strong></span> <span class='ocrx_word' id='word_1_59' title='bbox 911 805 1176 883; x_wconf 84' lang='lat' dir='ltr'><strong>primum</strong></span> <span class='ocrx_word' id='word_1_60' title='bbox 1233 802 1539 862; x_wconf 85' lang='lat' dir='ltr'><strong>videamus</strong></span> <span class='ocrx_word' id='word_1_61' title='bbox 1604 801 1775 880; x_wconf 87' lang='lat' dir='ltr'><strong>quale</strong></span> <span class='ocrx_word' id='word_1_62' title='bbox 1841 804 1947 882; x_wconf 81' lang='lat' dir='ltr'><strong>sit3</strong></span> <span class='ocrx_word' id='word_1_63' title='bbox 2009 799 2170 880; x_wconf 90' lang='lat' dir='ltr'><strong>quod</strong></span> <span class='ocrx_word' id='word_1_64' title='bbox 2235 798 2329 860; x_wconf 84' lang='lat' dir='ltr'><strong>vel</strong></span> <span class='ocrx_word' id='word_1_65' title='bbox 2390 800 2647 860; x_wconf 82' lang='lat' dir='ltr'><strong>maxime</strong></span> 
     </span>
     <span class='ocr_line' id='line_1_11' title="bbox 292 885 2648 971; baseline -0.004 -16"><span class='ocrx_word' id='word_1_66' title='bbox 292 893 591 955; x_wconf 86' lang='lat' dir='ltr'><strong>desiderat</strong></span> <span class='ocrx_word' id='word_1_67' title='bbox 635 893 1018 971; x_wconf 83' lang='lat' dir='ltr'><strong>diligentiam.</strong></span> <span class='ocrx_word' id='word_1_68' title='bbox 1117 889 1226 951; x_wconf 88' lang='lat' dir='ltr'><strong>Est</strong></span> <span class='ocrx_word' id='word_1_69' title='bbox 1271 891 1430 952; x_wconf 86' lang='lat' dir='ltr'><strong>euim</strong></span> <span class='ocrx_word' id='word_1_70' title='bbox 1478 893 1649 968; x_wconf 84' lang='lat' dir='ltr'><strong>quasi</strong></span> <span class='ocrx_word' id='word_1_71' title='bbox 1694 898 1999 952; x_wconf 86' lang='lat' dir='ltr'><strong>structura</strong></span> <span class='ocrx_word' id='word_1_72' title='bbox 2054 889 2371 969; x_wconf 84' lang='lat' dir='ltr'><strong>quaedam,</strong></span> <span class='ocrx_word' id='word_1_73' title='bbox 2425 905 2540 948; x_wconf 88' lang='lat' dir='ltr'><strong>nec</strong></span> <span class='ocrx_word' id='word_1_74' title='bbox 2584 885 2648 947; x_wconf 88' lang='lat' dir='ltr'><strong>id</strong></span> 
     </span>
     <span class='ocr_line' id='line_1_12' title="bbox 291 975 2648 1061; baseline -0.003 -18"><span class='ocrx_word' id='word_1_75' title='bbox 291 991 490 1044; x_wconf 87' lang='lat' dir='ltr'><strong>tamen</strong></span> <span class='ocrx_word' id='word_1_76' title='bbox 536 982 641 1042; x_wconf 85' lang='lat' dir='ltr'><strong>fiet</strong></span> <span class='ocrx_word' id='word_1_77' title='bbox 695 999 974 1061; x_wconf 82' lang='lat' dir='ltr'><strong>operose3</strong></span> <span class='ocrx_word' id='word_1_78' title='bbox 1039 997 1174 1040; x_wconf 89' lang='lat' dir='ltr'><strong>nam</strong></span> <span class='ocrx_word' id='word_1_79' title='bbox 1231 987 1392 1040; x_wconf 90' lang='lat' dir='ltr'><strong>esset</strong></span> <span class='ocrx_word' id='word_1_80' title='bbox 1446 996 1585 1039; x_wconf 88' lang='lat' dir='ltr'><strong>cum</strong></span> <span class='ocrx_word' id='word_1_81' title='bbox 1639 979 1909 1039; x_wconf 81' lang='lat' dir='ltr'><strong>infinitus</strong></span> <span class='ocrx_word' id='word_1_82' title='bbox 1960 987 2092 1040; x_wconf 89' lang='lat' dir='ltr'><strong>tum</strong></span> <span class='ocrx_word' id='word_1_83' title='bbox 2147 976 2396 1057; x_wconf 86' lang='lat' dir='ltr'><strong>puerilis</strong></span> <span class='ocrx_word' id='word_1_84' title='bbox 2450 975 2648 1055; x_wconf 84' lang='lat' dir='ltr'><strong>labor3</strong></span> 
     </span>
    </p>
   </div>
   <div class='ocr_carea' id='block_1_7' title="bbox 293 1065 2253 1150">
    <p class='ocr_par' dir='ltr' id='par_1_8' title="bbox 293 1065 2253 1150">
     <span class='ocr_line' id='line_1_13' title="bbox 293 1065 2253 1150; baseline -0.003 -19"><span class='ocrx_word' id='word_1_85' title='bbox 293 1069 454 1150; x_wconf 88' lang='lat' dir='ltr'><strong>quod</strong></span> <span class='ocrx_word' id='word_1_86' title='bbox 499 1069 656 1150; x_wconf 89' lang='lat' dir='ltr'><strong>apud</strong></span> <span class='ocrx_word' id='word_1_87' title='bbox 701 1068 998 1132; x_wconf 89' lang='lat' dir='ltr'><strong>Lucilium</strong></span> <span class='ocrx_word' id='word_1_88' title='bbox 1044 1069 1193 1128; x_wconf 89' lang='lat' dir='ltr'><strong>scite</strong></span> <span class='ocrx_word' id='word_1_89' title='bbox 1241 1069 1498 1147; x_wconf 85' lang='lat' dir='ltr'><strong>exagitat</strong></span> <span class='ocrx_word' id='word_1_90' title='bbox 1541 1069 1605 1127; x_wconf 88' lang='lat' dir='ltr'><strong>in</strong></span> <span class='ocrx_word' id='word_1_91' title='bbox 1650 1066 1898 1129; x_wconf 87' lang='lat' dir='ltr'><strong>Albucio</strong></span> <span class='ocrx_word' id='word_1_92' title='bbox 1948 1065 2253 1128; x_wconf 87' lang='lat' dir='ltr'><strong>Scaevola:</strong></span> 
     </span>
    </p>
   </div>
   <div class='ocr_carea' id='block_1_8' title="bbox 2676 1074 2739 1118">
    <p class='ocr_par' dir='ltr' id='par_1_9' title="bbox 2676 1074 2739 1118">
     <span class='ocr_line' id='line_1_14' title="bbox 2676 1074 2739 1118; baseline 0 -2"><span class='ocrx_word' id='word_1_93' title='bbox 2676 1074 2739 1118; x_wconf 75' lang='lat'><strong>10</strong></span> 
     </span>
    </p>
   </div>
   <div class='ocr_carea' id='block_1_9' title="bbox 560 1151 2395 1326">
    <p class='ocr_par' dir='ltr' id='par_1_10' title="bbox 560 1151 2395 1326">
     <span class='ocr_line' id='line_1_15' title="bbox 561 1151 2395 1237; baseline -0.003 -18"><span class='ocrx_word' id='word_1_94' title='bbox 561 1177 738 1237; x_wconf 87' lang='lat' dir='ltr'><strong>quam</strong></span> <span class='ocrx_word' id='word_1_95' title='bbox 783 1157 977 1237; x_wconf 91' lang='lat' dir='ltr'><strong>lepide</strong></span> <span class='ocrx_word' id='word_1_96' title='bbox 1023 1151 1230 1231; x_wconf 78' lang='grc' dir='ltr'><strong><em>λέξεις</em></strong></span> <span class='ocrx_word' id='word_1_97' title='bbox 1275 1163 1635 1237; x_wconf 86' lang='lat' dir='ltr'><strong>compostae,</strong></span> <span class='ocrx_word' id='word_1_98' title='bbox 1680 1164 1748 1216; x_wconf 89' lang='lat' dir='ltr'><strong>ut</strong></span> <span class='ocrx_word' id='word_1_99' title='bbox 1791 1156 2137 1231; x_wconf 82' lang='lat' dir='ltr'><strong>tesserulae,</strong></span> <span class='ocrx_word' id='word_1_100' title='bbox 2186 1172 2395 1215; x_wconf 88' lang='lat' dir='ltr'><strong>omnes</strong></span> 
     </span>
     <span class='ocr_line' id='line_1_16' title="bbox 560 1243 2144 1326; baseline -0.001 -19"><span class='ocrx_word' id='word_1_101' title='bbox 560 1255 686 1307; x_wconf 88' lang='lat' dir='ltr'><strong>arte</strong></span> <span class='ocrx_word' id='word_1_102' title='bbox 732 1249 1069 1326; x_wconf 85' lang='lat' dir='ltr'><strong>pavimento</strong></span> <span class='ocrx_word' id='word_1_103' title='bbox 1116 1252 1293 1323; x_wconf 88' lang='lat' dir='ltr'><strong>atque</strong></span> <span class='ocrx_word' id='word_1_104' title='bbox 1341 1243 1693 1306; x_wconf 87' lang='lat' dir='ltr'><strong>emblemate</strong></span> <span class='ocrx_word' id='word_1_105' title='bbox 1740 1245 2144 1307; x_wconf 83' lang='lat' dir='ltr'><strong>vermiculato.</strong></span> 
     </span>
    </p>
   </div>
   <div class='ocr_carea' id='block_1_10' title="bbox 287 1432 1418 2413">
    <p class='ocr_par' dir='ltr' id='par_1_11' title="bbox 287 1432 1418 2413">
     <span class='ocr_line' id='line_1_17' title="bbox 361 1432 1410 1501; baseline -0.002 -11"><span class='ocrx_word' id='word_1_106' title='bbox 361 1443 412 1490; x_wconf 84' lang='lat'><strong>3.</strong></span> <span class='ocrx_word' id='word_1_107' title='bbox 449 1441 516 1490; x_wconf 73' lang='lat' dir='ltr'><strong>ut</strong></span> <span class='ocrx_word' id='word_1_108' title='bbox 549 1440 651 1490; x_wconf 77' lang='lat' dir='ltr'><strong>aut</strong></span> <span class='ocrx_word' id='word_1_109' title='bbox 685 1436 827 1490; x_wconf 78' lang='lat' dir='ltr'><strong>statt</strong></span> <span class='ocrx_word' id='word_1_110' title='bbox 853 1436 954 1489; x_wconf 86' lang='lat' dir='ltr'><strong>aut</strong></span> <span class='ocrx_word' id='word_1_111' title='bbox 979 1436 1063 1501; x_wconf 87' lang='lat' dir='ltr'><strong>ut,</strong></span> <span class='ocrx_word' id='word_1_112' title='bbox 1099 1432 1206 1488; x_wconf 82' lang='lat' dir='ltr'><strong>wie</strong></span> <span class='ocrx_word' id='word_1_113' title='bbox 1233 1433 1410 1488; x_wconf 63' lang='lat' dir='ltr'><strong>ofters</strong></span> 
     </span>
     <span class='ocr_line' id='line_1_18' title="bbox 289 1503 1413 1576; baseline -0.005 -12"><span class='ocrx_word' id='word_1_114' title='bbox 289 1507 390 1564; x_wconf 82' lang='lat' dir='ltr'><strong>das</strong></span> <span class='ocrx_word' id='word_1_115' title='bbox 428 1507 575 1562; x_wconf 89' lang='lat' dir='ltr'><strong>erste</strong></span> <span class='ocrx_word' id='word_1_116' title='bbox 612 1505 947 1576; x_wconf 86' lang='lat' dir='ltr'><strong>disjunctive</strong></span> <span class='ocrx_word' id='word_1_117' title='bbox 978 1503 1280 1574; x_wconf 81' lang='lat' dir='ltr'><strong>Satzglied‚</strong></span> <span class='ocrx_word' id='word_1_118' title='bbox 1316 1521 1413 1560; x_wconf 87' lang='lat' dir='ltr'><strong>um</strong></span> 
     </span>
     <span class='ocr_line' id='line_1_19' title="bbox 290 1573 1414 1656; baseline -0.004 -22"><span class='ocrx_word' id='word_1_119' title='bbox 290 1575 382 1634; x_wconf 87' lang='lat' dir='ltr'><strong>die</strong></span> <span class='ocrx_word' id='word_1_120' title='bbox 433 1577 595 1632; x_wconf 84' lang='lat' dir='ltr'><strong>steife</strong></span> <span class='ocrx_word' id='word_1_121' title='bbox 646 1579 838 1656; x_wconf 76' lang='lat' dir='ltr'><strong>sti-eng</strong></span> <span class='ocrx_word' id='word_1_122' title='bbox 886 1575 1139 1646; x_wconf 80' lang='lat' dir='ltr'><strong>logisehe</strong></span> <span class='ocrx_word' id='word_1_123' title='bbox 1184 1573 1414 1631; x_wconf 88' lang='lat' dir='ltr'><strong>Diction</strong></span> 
     </span>
     <span class='ocr_line' id='line_1_20' title="bbox 287 1645 1412 1718; baseline -0.004 -14"><span class='ocrx_word' id='word_1_124' title='bbox 287 1667 361 1704; x_wconf 80' lang='lat' dir='ltr'><strong>zu</strong></span> <span class='ocrx_word' id='word_1_125' title='bbox 386 1648 725 1716; x_wconf 82' lang='lat' dir='ltr'><strong>vermeiden‚</strong></span> <span class='ocrx_word' id='word_1_126' title='bbox 767 1645 1089 1718; x_wconf 78' lang='lat' dir='ltr'><strong>emgefiihrt</strong></span> <span class='ocrx_word' id='word_1_127' title='bbox 1101 1646 1244 1701; x_wconf 85' lang='lat' dir='ltr'><strong>wird</strong></span> <span class='ocrx_word' id='word_1_128' title='bbox 1255 1646 1412 1700; x_wconf 87' lang='lat' dir='ltr'><strong>Brut.</strong></span> 
     </span>
     <span class='ocr_line' id='line_1_21' title="bbox 289 1715 1416 1785; baseline -0.003 -11"><span class='ocrx_word' id='word_1_129' title='bbox 289 1725 413 1774; x_wconf 88' lang='grc'><strong>321.</strong></span> <span class='ocrx_word' id='word_1_130' title='bbox 469 1718 575 1774; x_wconf 91' lang='lat' dir='ltr'><strong>Die</strong></span> <span class='ocrx_word' id='word_1_131' title='bbox 613 1735 717 1773; x_wconf 85' lang='lat' dir='ltr'><strong>ers</strong></span> <span class='ocrx_word' id='word_1_132' title='bbox 729 1719 797 1774; x_wconf 87' lang='lat' dir='ltr'><strong>te</strong></span> <span class='ocrx_word' id='word_1_133' title='bbox 832 1717 1160 1785; x_wconf 82' lang='lat' dir='ltr'><strong>Forderung</strong></span> <span class='ocrx_word' id='word_1_134' title='bbox 1194 1715 1416 1772; x_wconf 82' lang='lat' dir='ltr'><strong>bezieht</strong></span> 
     </span>
     <span class='ocr_line' id='line_1_22' title="bbox 290 1789 1414 1859; baseline -0.003 -14"><span class='ocrx_word' id='word_1_135' title='bbox 290 1789 411 1846; x_wconf 87' lang='lat' dir='ltr'><strong>sich</strong></span> <span class='ocrx_word' id='word_1_136' title='bbox 445 1789 550 1844; x_wconf 84' lang='lat' dir='ltr'><strong>auf</strong></span> <span class='ocrx_word' id='word_1_137' title='bbox 577 1789 670 1844; x_wconf 86' lang='lat' dir='ltr'><strong>die</strong></span> <span class='ocrx_word' id='word_1_138' title='bbox 707 1789 1024 1859; x_wconf 72' lang='lat' dir='ltr'><strong>compositio</strong></span> <span class='ocrx_word' id='word_1_139' title='bbox 1060 1793 1194 1856; x_wconf 78' lang='lat'>2023</span> <span class='ocrx_word' id='word_1_140' title='bbox 1241 1789 1414 1855; x_wconf 75' lang='lat' dir='ltr'><strong>aptis·</strong></span> 
     </span>
     <span class='ocr_line' id='line_1_23' title="bbox 289 1857 1415 1930; baseline -0.004 -12"><span class='ocrx_word' id='word_1_141' title='bbox 289 1862 422 1918; x_wconf 70' lang='lat' dir='ltr'><strong>sime</strong></span> <span class='ocrx_word' id='word_1_142' title='bbox 455 1860 536 1915; x_wconf 87' lang='lat' dir='ltr'><strong>im</strong></span> <span class='ocrx_word' id='word_1_143' title='bbox 573 1859 803 1930; x_wconf 81' lang='lat' dir='ltr'><strong>speciell</strong></span> <span class='ocrx_word' id='word_1_144' title='bbox 839 1858 1225 1916; x_wconf 83' lang='lat' dir='ltr'><strong>rhetorischen</strong></span> <span class='ocrx_word' id='word_1_145' title='bbox 1249 1857 1415 1914; x_wconf 75' lang='lat' dir='ltr'><strong>Sinn:</strong></span> 
     </span>
     <span class='ocr_line' id='line_1_24' title="bbox 289 1929 1414 2002; baseline -0.004 -15"><span class='ocrx_word' id='word_1_146' title='bbox 289 1931 351 1987; x_wconf 91' lang='lat' dir='ltr'><strong>in</strong></span> <span class='ocrx_word' id='word_1_147' title='bbox 387 1931 658 2002; x_wconf 83' lang='lat' dir='ltr'><strong>richtiger</strong></span> <span class='ocrx_word' id='word_1_148' title='bbox 693 1930 1102 2002; x_wconf 83' lang='lat' dir='ltr'><strong>euphoniscber</strong></span> <span class='ocrx_word' id='word_1_149' title='bbox 1135 1929 1414 1984; x_wconf 82' lang='lat' dir='ltr'><strong>Ansinan-</strong></span> 
     </span>
     <span class='ocr_line' id='line_1_25' title="bbox 290 2001 1415 2074; baseline -0.004 -16"><span class='ocrx_word' id='word_1_150' title='bbox 290 2003 608 2074; x_wconf 80' lang='lat' dir='ltr'><strong>derfiigung</strong></span> <span class='ocrx_word' id='word_1_151' title='bbox 663 2003 990 2072; x_wconf 74' lang='lat' dir='ltr'><strong>(iunctwra).</strong></span> <span class='ocrx_word' id='word_1_152' title='bbox 1064 2001 1133 2056; x_wconf 85' lang='lat' dir='ltr'><strong>de</strong></span> <span class='ocrx_word' id='word_1_153' title='bbox 1191 2018 1270 2056; x_wconf 88' lang='lat' dir='ltr'><strong>or.</strong></span> <span class='ocrx_word' id='word_1_154' title='bbox 1317 2001 1415 2070; x_wconf 91' lang='lat' dir='ltr'><strong>III,</strong></span> 
     </span>
     <span class='ocr_line' id='line_1_26' title="bbox 291 2072 1416 2129; baseline -0.003 0"><span class='ocrx_word' id='word_1_155' title='bbox 291 2080 394 2129; x_wconf 83' lang='grc'><strong>172</strong></span> <span class='ocrx_word' id='word_1_156' title='bbox 424 2075 512 2129; x_wconf 86' lang='lat' dir='ltr'><strong>est</strong></span> <span class='ocrx_word' id='word_1_157' title='bbox 537 2074 678 2129; x_wconf 77' lang='lat' dir='ltr'><strong>haec</strong></span> <span class='ocrx_word' id='word_1_158' title='bbox 705 2073 1006 2129; x_wconf 78' lang='lat' dir='ltr'><strong>collocatio</strong></span> <span class='ocrx_word' id='word_1_159' title='bbox 1034 2072 1416 2128; x_wconf 86' lang='lat' dir='ltr'><strong>conservanda</strong></span> 
     </span>
     <span class='ocr_line' id='line_1_27' title="bbox 289 2141 1414 2214; baseline -0.003 -13"><span class='ocrx_word' id='word_1_160' title='bbox 289 2146 591 2202; x_wconf 78' lang='lat' dir='ltr'><strong>verborum</strong></span> <span class='ocrx_word' id='word_1_161' title='bbox 630 2175 698 2186; x_wconf 89' lang='lat'><strong>—</strong></span> <span class='ocrx_word' id='word_1_162' title='bbox 736 2160 882 2214; x_wconf 85' lang='lat' dir='ltr'><strong>quae</strong></span> <span class='ocrx_word' id='word_1_163' title='bbox 917 2145 1170 2199; x_wconf 83' lang='lat' dir='ltr'><strong>iunctam</strong></span> <span class='ocrx_word' id='word_1_164' title='bbox 1208 2141 1414 2199; x_wconf 85' lang='lat' dir='ltr'><strong>oratio·</strong></span> 
     </span>
     <span class='ocr_line' id='line_1_28' title="bbox 289 2215 1414 2284; baseline -0.003 -13"><span class='ocrx_word' id='word_1_165' title='bbox 289 2232 418 2271; x_wconf 89' lang='lat' dir='ltr'><strong>nem</strong></span> <span class='ocrx_word' id='word_1_166' title='bbox 491 2215 688 2283; x_wconf 88' lang='lat' dir='ltr'><strong>efficit,</strong></span> <span class='ocrx_word' id='word_1_167' title='bbox 772 2231 919 2284; x_wconf 84' lang='lat' dir='ltr'><strong>quae</strong></span> <span class='ocrx_word' id='word_1_168' title='bbox 1004 2215 1414 2282; x_wconf 80' lang='lat' dir='ltr'><strong>cohaerentem,</strong></span> 
     </span>
     <span class='ocr_line' id='line_1_29' title="bbox 288 2284 1418 2413; baseline 0 -72"><span class='ocrx_word' id='word_1_169' title='bbox 288 2302 437 2413; x_wconf 56' lang='lat' dir='ltr'><strong>guae</strong></span> <span class='ocrx_word' id='word_1_170' title='bbox 521 2286 704 2343; x_wconf 87' lang='lat' dir='ltr'><strong>lenem</strong></span> <span class='ocrx_word' id='word_1_171' title='bbox 717 2330 732 2357; x_wconf 90' lang='lat'><strong>,</strong></span> <span class='ocrx_word' id='word_1_172' title='bbox 815 2302 958 2355; x_wconf 86' lang='lat' dir='ltr'><strong>quae</strong></span> <span class='ocrx_word' id='word_1_173' title='bbox 1039 2284 1418 2355; x_wconf 78' lang='lat' dir='ltr'><strong>aequabiliter</strong></span> 
     </span>
    </p>
   </div>
   <div class='ocr_carea' id='block_1_11' title="bbox 327 2356 1416 2428">
    <p class='ocr_par' dir='ltr' id='par_1_12' title="bbox 327 2356 1416 2428">
     <span class='ocr_line' id='line_1_30' title="bbox 327 2356 1416 2428; baseline -0.002 -15"><span class='ocrx_word' id='word_1_174' title='bbox 327 2360 569 2415; x_wconf 82' lang='lat' dir='ltr'><strong>nentem.</strong></span> <span class='ocrx_word' id='word_1_175' title='bbox 617 2358 682 2413; x_wconf 84' lang='lat' dir='ltr'><strong>Id</strong></span> <span class='ocrx_word' id='word_1_176' title='bbox 719 2356 1122 2428; x_wconf 73' lang='lat' dir='ltr'><strong>adsequamini,</strong></span> <span class='ocrx_word' id='word_1_177' title='bbox 1159 2356 1208 2411; x_wconf 90' lang='lat' dir='ltr'><strong>si</strong></span> <span class='ocrx_word' id='word_1_178' title='bbox 1241 2356 1416 2412; x_wconf 79' lang='lat' dir='ltr'><strong>verba</strong></span> 
     </span>
    </p>
   </div>
   <div class='ocr_carea' id='block_1_12' title="bbox 289 2426 1446 2499">
    <p class='ocr_par' dir='ltr' id='par_1_13' title="bbox 289 2426 1446 2499">
     <span class='ocr_line' id='line_1_31' title="bbox 289 2426 1446 2499; baseline -0.001 -15"><span class='ocrx_word' id='word_1_179' title='bbox 289 2432 540 2485; x_wconf 84' lang='lat' dir='ltr'><strong>extrema</strong></span> <span class='ocrx_word' id='word_1_180' title='bbox 562 2445 691 2483; x_wconf 91' lang='lat' dir='ltr'><strong>cum</strong></span> <span class='ocrx_word' id='word_1_181' title='bbox 717 2427 1190 2498; x_wconf 76' lang='lat' dir='ltr'><strong>consequentibus</strong></span> <span class='ocrx_word' id='word_1_182' title='bbox 1217 2426 1415 2497; x_wconf 83' lang='lat' dir='ltr'><strong>primis</strong></span> <span class='ocrx_word' id='word_1_183' title='bbox 1438 2491 1446 2499; x_wconf 33' lang='lat'><em>⁴</em></span> 
     </span>
    </p>
   </div>
   <div class='ocr_carea' id='block_1_13' title="bbox 248 2499 1417 4425">
    <p class='ocr_par' dir='ltr' id='par_1_14' title="bbox 289 2499 1417 2641">
     <span class='ocr_line' id='line_1_32' title="bbox 290 2499 1417 2570; baseline -0.002 -15"><span class='ocrx_word' id='word_1_184' title='bbox 290 2499 374 2557; x_wconf 81' lang='lat' dir='ltr'><strong>ita</strong></span> <span class='ocrx_word' id='word_1_185' title='bbox 412 2499 672 2570; x_wconf 63' lang='lat' dir='ltr'><strong>mugetus,</strong></span> <span class='ocrx_word' id='word_1_186' title='bbox 721 2502 789 2555; x_wconf 90' lang='lat' dir='ltr'><strong>ut</strong></span> <span class='ocrx_word' id='word_1_187' title='bbox 837 2516 978 2556; x_wconf 85' lang='lat' dir='ltr'><strong>neve</strong></span> <span class='ocrx_word' id='word_1_188' title='bbox 1030 2516 1092 2555; x_wconf 84' lang='lat' dir='ltr'><strong>as</strong></span> <span class='ocrx_word' id='word_1_189' title='bbox 1133 2515 1225 2554; x_wconf 88' lang='lat' dir='ltr'><strong>ere</strong></span> <span class='ocrx_word' id='word_1_190' title='bbox 1281 2515 1417 2556; x_wconf 88' lang='lat' dir='ltr'><strong>con-</strong></span> 
     </span>
     <span class='ocr_line' id='line_1_33' title="bbox 289 2568 1376 2641; baseline -0.002 -15"><span class='ocrx_word' id='word_1_191' title='bbox 289 2572 518 2627; x_wconf 79' lang='lat' dir='ltr'><strong>currant</strong></span> <span class='ocrx_word' id='word_1_192' title='bbox 551 2587 736 2641; x_wconf 86' lang='lat' dir='ltr'><strong>neque</strong></span> <span class='ocrx_word' id='word_1_193' title='bbox 771 2570 988 2627; x_wconf 79' lang='lat' dir='ltr'><strong>vastius</strong></span> <span class='ocrx_word' id='word_1_194' title='bbox 1024 2568 1085 2626; x_wconf 83' lang='lat' dir='ltr'><strong>di</strong></span> <span class='ocrx_word' id='word_1_195' title='bbox 1123 2571 1376 2625; x_wconf 80' lang='lat' dir='ltr'><strong>ucantur.</strong></span> 
     </span>
    </p>

    <p class='ocr_par' dir='ltr' id='par_1_15' title="bbox 248 2640 1417 3426">
     <span class='ocr_line' id='line_1_34' title="bbox 361 2640 1417 2713; baseline 0 -16"><span class='ocrx_word' id='word_1_196' title='bbox 361 2650 414 2698; x_wconf 84' lang='lat'><strong>4.</strong></span> <span class='ocrx_word' id='word_1_197' title='bbox 450 2647 691 2699; x_wconf 63' lang='lat' dir='ltr'><strong>extrema</strong></span> <span class='ocrx_word' id='word_1_198' title='bbox 729 2648 848 2713; x_wconf 81' lang='lat'><strong>150,</strong></span> <span class='ocrx_word' id='word_1_199' title='bbox 897 2642 997 2697; x_wconf 85' lang='lat' dir='ltr'><strong>der</strong></span> <span class='ocrx_word' id='word_1_200' title='bbox 1029 2641 1275 2697; x_wconf 82' lang='lat' dir='ltr'><strong>Auslaut</strong></span> <span class='ocrx_word' id='word_1_201' title='bbox 1309 2640 1417 2697; x_wconf 86' lang='lat' dir='ltr'><strong>mit</strong></span> 
     </span>
     <span class='ocr_line' id='line_1_35' title="bbox 289 2712 1415 2782; baseline -0.001 -13"><span class='ocrx_word' id='word_1_202' title='bbox 289 2714 418 2770; x_wconf 89' lang='lat' dir='ltr'><strong>dem</strong></span> <span class='ocrx_word' id='word_1_203' title='bbox 469 2714 700 2782; x_wconf 83' lang='lat' dir='ltr'><strong>Anlaut,</strong></span> <span class='ocrx_word' id='word_1_204' title='bbox 765 2731 825 2770; x_wconf 89' lang='lat' dir='ltr'><strong>so</strong></span> <span class='ocrx_word' id='word_1_205' title='bbox 892 2713 1020 2769; x_wconf 81' lang='lat' dir='ltr'><strong>dass</strong></span> <span class='ocrx_word' id='word_1_206' title='bbox 1084 2714 1272 2769; x_wconf 80' lang='lat' dir='ltr'><strong>weder</strong></span> <span class='ocrx_word' id='word_1_207' title='bbox 1321 2712 1415 2769; x_wconf 88' lang='lat' dir='ltr'><strong>ein</strong></span> 
     </span>
     <span class='ocr_line' id='line_1_36' title="bbox 248 2784 1412 2854; baseline -0.005 -9"><span class='ocrx_word' id='word_1_208' title='bbox 248 2842 251 2845; x_wconf 87' lang='lat'><strong>.</strong></span> <span class='ocrx_word' id='word_1_209' title='bbox 287 2785 514 2854; x_wconf 79' lang='lat' dir='ltr'><strong>Hiatus,</strong></span> <span class='ocrx_word' id='word_1_210' title='bbox 579 2787 727 2840; x_wconf 87' lang='lat' dir='ltr'><strong>noch</strong></span> <span class='ocrx_word' id='word_1_211' title='bbox 775 2785 868 2841; x_wconf 88' lang='lat' dir='ltr'><strong>ein</strong></span> <span class='ocrx_word' id='word_1_212' title='bbox 914 2784 1256 2840; x_wconf 80' lang='lat' dir='ltr'><strong>allzuharter</strong></span> <span class='ocrx_word' id='word_1_213' title='bbox 1311 2784 1412 2839; x_wconf 84' lang='lat' dir='ltr'><strong>Zu-</strong></span> 
     </span>
     <span class='ocr_line' id='line_1_37' title="bbox 290 2855 1411 2913; baseline 0 -2"><span class='ocrx_word' id='word_1_214' title='bbox 290 2857 687 2912; x_wconf 85' lang='lat' dir='ltr'><strong>sammenstoss</strong></span> <span class='ocrx_word' id='word_1_215' title='bbox 737 2856 838 2913; x_wconf 88' lang='lat' dir='ltr'><strong>der</strong></span> <span class='ocrx_word' id='word_1_216' title='bbox 886 2855 1279 2911; x_wconf 85' lang='lat' dir='ltr'><strong>Consonanteu</strong></span> <span class='ocrx_word' id='word_1_217' title='bbox 1329 2872 1411 2911; x_wconf 86' lang='lat' dir='ltr'><strong>er-</strong></span> 
     </span>
     <span class='ocr_line' id='line_1_38' title="bbox 287 2927 1411 2998; baseline -0.003 -14"><span class='ocrx_word' id='word_1_218' title='bbox 287 2927 440 2997; x_wconf 81' lang='lat' dir='ltr'><strong>folge</strong></span> <span class='ocrx_word' id='word_1_219' title='bbox 456 2967 472 2993; x_wconf 91' lang='lat'>‚</span> <span class='ocrx_word' id='word_1_220' title='bbox 507 2929 572 2982; x_wconf 89' lang='lat' dir='ltr'><strong>ut</strong></span> <span class='ocrx_word' id='word_1_221' title='bbox 598 2943 740 2983; x_wconf 85' lang='lat' dir='ltr'><strong>neve</strong></span> <span class='ocrx_word' id='word_1_222' title='bbox 769 2943 934 2998; x_wconf 82' lang='lat' dir='ltr'><strong>asper</strong></span> <span class='ocrx_word' id='word_1_223' title='bbox 968 2944 1164 2983; x_wconf 88' lang='lat' dir='ltr'><strong>eorum</strong></span> <span class='ocrx_word' id='word_1_224' title='bbox 1183 2943 1411 2983; x_wconf 87' lang='lat' dir='ltr'><strong>concur-</strong></span> 
     </span>
     <span class='ocr_line' id='line_1_39' title="bbox 289 2998 1410 3070; baseline 0 -16"><span class='ocrx_word' id='word_1_225' title='bbox 289 3016 384 3055; x_wconf 89' lang='lat' dir='ltr'><strong>sus</strong></span> <span class='ocrx_word' id='word_1_226' title='bbox 419 3015 562 3053; x_wconf 85' lang='lat' dir='ltr'><strong>neve</strong></span> <span class='ocrx_word' id='word_1_227' title='bbox 598 2998 818 3069; x_wconf 80' lang='lat' dir='ltr'><strong>hiulcus</strong></span> <span class='ocrx_word' id='word_1_228' title='bbox 847 2998 938 3053; x_wconf 87' lang='lat' dir='ltr'><strong>sit‘</strong></span> <span class='ocrx_word' id='word_1_229' title='bbox 977 3000 1046 3055; x_wconf 88' lang='lat' dir='ltr'><strong>de</strong></span> <span class='ocrx_word' id='word_1_230' title='bbox 1076 3016 1152 3055; x_wconf 90' lang='lat' dir='ltr'><strong>or.</strong></span> <span class='ocrx_word' id='word_1_231' title='bbox 1165 3000 1265 3070; x_wconf 89' lang='lat' dir='ltr'><strong>III,</strong></span> <span class='ocrx_word' id='word_1_232' title='bbox 1280 3007 1410 3068; x_wconf 78' lang='lat'><strong>1⁷13</strong></span> 
     </span>
     <span class='ocr_line' id='line_1_40' title="bbox 289 3070 1410 3143; baseline 0 -18"><span class='ocrx_word' id='word_1_233' title='bbox 289 3070 632 3126; x_wconf 69' lang='lat' dir='ltr'><strong>suavissimis</strong></span> <span class='ocrx_word' id='word_1_234' title='bbox 658 3070 880 3126; x_wconf 80' lang='lat' dir='ltr'><strong>vocibus</strong></span> <span class='ocrx_word' id='word_1_235' title='bbox 905 3070 1013 3125; x_wconf 90' lang='lat' dir='ltr'><strong>mit</strong></span> <span class='ocrx_word' id='word_1_236' title='bbox 1023 3071 1410 3143; x_wconf 81' lang='lat' dir='ltr'><strong>Vermeidung</strong></span> 
     </span>
     <span class='ocr_line' id='line_1_41' title="bbox 283 3140 1410 3213; baseline -0.001 -16"><span class='ocrx_word' id='word_1_237' title='bbox 283 3142 448 3213; x_wconf 85' lang='lat' dir='ltr'><strong>jeder</strong></span> <span class='ocrx_word' id='word_1_238' title='bbox 459 3141 620 3199; x_wconf 86' lang='lat' dir='ltr'><strong>Kako</strong></span> <span class='ocrx_word' id='word_1_239' title='bbox 661 3140 850 3210; x_wconf 79' lang='lat' dir='ltr'><strong>honis,</strong></span> <span class='ocrx_word' id='word_1_240' title='bbox 885 3142 1006 3197; x_wconf 85' lang='lat' dir='ltr'><strong>also</strong></span> <span class='ocrx_word' id='word_1_241' title='bbox 1045 3158 1124 3212; x_wconf 87' lang='lat' dir='ltr'><strong>so,</strong></span> <span class='ocrx_word' id='word_1_242' title='bbox 1161 3142 1290 3197; x_wconf 75' lang='lat' dir='ltr'><strong>dass</strong></span> <span class='ocrx_word' id='word_1_243' title='bbox 1317 3142 1410 3197; x_wconf 86' lang='lat' dir='ltr'><strong>die</strong></span> 
     </span>
     <span class='ocr_line' id='line_1_42' title="bbox 292 3213 1410 3284; baseline 0 -15"><span class='ocrx_word' id='word_1_244' title='bbox 292 3213 578 3269; x_wconf 68' lang='lat' dir='ltr'><strong>Gesetze</strong></span> <span class='ocrx_word' id='word_1_245' title='bbox 661 3230 730 3269; x_wconf 89' lang='lat' dir='ltr'><strong>es</strong></span> <span class='ocrx_word' id='word_1_246' title='bbox 764 3213 1112 3269; x_wconf 86' lang='lat' dir='ltr'><strong>Wellauts</strong></span> <span class='ocrx_word' id='word_1_247' title='bbox 1159 3214 1280 3284; x_wconf 89' lang='lat' dir='ltr'><strong>(der</strong></span> <span class='ocrx_word' id='word_1_248' title='bbox 1314 3213 1410 3269; x_wconf 86' lang='lat' dir='ltr'><strong>be-</strong></span> 
     </span>
     <span class='ocr_line' id='line_1_43' title="bbox 291 3284 1410 3354; baseline 0 -13"><span class='ocrx_word' id='word_1_249' title='bbox 291 3284 518 3341; x_wconf 83' lang='lat' dir='ltr'><strong>sonders</strong></span> <span class='ocrx_word' id='word_1_250' title='bbox 573 3285 676 3340; x_wconf 84' lang='lat' dir='ltr'><strong>auf</strong></span> <span class='ocrx_word' id='word_1_251' title='bbox 723 3284 833 3340; x_wconf 88' lang='lat' dir='ltr'><strong>den</strong></span> <span class='ocrx_word' id='word_1_252' title='bbox 885 3284 1137 3341; x_wconf 82' lang='lat' dir='ltr'><strong>Vocalen</strong></span> <span class='ocrx_word' id='word_1_253' title='bbox 1185 3284 1410 3354; x_wconf 89' lang='lat' dir='ltr'><strong>beruht)</strong></span> 
     </span>
     <span class='ocr_line' id='line_1_44' title="bbox 289 3356 1079 3426; baseline 0.003 -15"><span class='ocrx_word' id='word_1_254' title='bbox 289 3356 514 3412; x_wconf 76' lang='lat' dir='ltr'><strong>uberali</strong></span> <span class='ocrx_word' id='word_1_255' title='bbox 549 3356 806 3426; x_wconf 78' lang='lat' dir='ltr'><strong>gewahrt</strong></span> <span class='ocrx_word' id='word_1_256' title='bbox 841 3357 1079 3413; x_wconf 84' lang='lat' dir='ltr'><strong>werden.</strong></span> 
     </span>
    </p>

    <p class='ocr_par' dir='ltr' id='par_1_16' title="bbox 279 3427 1412 4425">
     <span class='ocr_line' id='line_1_45' title="bbox 365 3427 1411 3499; baseline 0 -14"><span class='ocrx_word' id='word_1_257' title='bbox 365 3434 414 3485; x_wconf 80' lang='lat'><strong>5.</strong></span> <span class='ocrx_word' id='word_1_258' title='bbox 444 3432 545 3483; x_wconf 77' lang='lat' dir='ltr'><strong>aut</strong></span> <span class='ocrx_word' id='word_1_259' title='bbox 565 3432 658 3483; x_wconf 77' lang='lat' dir='ltr'><strong>ut:</strong></span> <span class='ocrx_word' id='word_1_260' title='bbox 693 3427 784 3484; x_wconf 87' lang='lat' dir='ltr'><strong>die</strong></span> <span class='ocrx_word' id='word_1_261' title='bbox 811 3428 1056 3485; x_wconf 72' lang='lat' dir='ltr'><strong>aweite</strong></span> <span class='ocrx_word' id='word_1_262' title='bbox 1082 3428 1411 3499; x_wconf 79' lang='lat' dir='ltr'><strong>Forderung</strong></span> 
     </span>
     <span class='ocr_line' id='line_1_46' title="bbox 292 3499 1411 3571; baseline -0.001 -16"><span class='ocrx_word' id='word_1_263' title='bbox 292 3501 517 3556; x_wconf 82' lang='lat' dir='ltr'><strong>bezieht</strong></span> <span class='ocrx_word' id='word_1_264' title='bbox 570 3499 691 3556; x_wconf 88' lang='lat' dir='ltr'><strong>sich</strong></span> <span class='ocrx_word' id='word_1_265' title='bbox 745 3500 849 3555; x_wconf 82' lang='lat' dir='ltr'><strong>auf</strong></span> <span class='ocrx_word' id='word_1_266' title='bbox 887 3499 980 3556; x_wconf 83' lang='lat' dir='ltr'><strong>die</strong></span> <span class='ocrx_word' id='word_1_267' title='bbox 1019 3500 1277 3571; x_wconf 81' lang='lat' dir='ltr'><strong>Stellung</strong></span> <span class='ocrx_word' id='word_1_268' title='bbox 1312 3501 1411 3555; x_wconf 90' lang='lat' dir='ltr'><strong>der</strong></span> 
     </span>
     <span class='ocr_line' id='line_1_47' title="bbox 284 3571 1409 3642; baseline 0.002 -17"><span class='ocrx_word' id='word_1_269' title='bbox 284 3572 513 3628; x_wconf 71' lang='lat' dir='ltr'><strong>Worter</strong></span> <span class='ocrx_word' id='word_1_270' title='bbox 555 3572 704 3627; x_wconf 85' lang='lat' dir='ltr'><strong>nach</strong></span> <span class='ocrx_word' id='word_1_271' title='bbox 750 3572 851 3627; x_wconf 90' lang='lat' dir='ltr'><strong>der</strong></span> <span class='ocrx_word' id='word_1_272' title='bbox 893 3571 956 3626; x_wconf 89' lang='lat' dir='ltr'><strong>in</strong></span> <span class='ocrx_word' id='word_1_273' title='bbox 989 3571 1163 3627; x_wconf 88' lang='lat' dir='ltr'><strong>ihnen</strong></span> <span class='ocrx_word' id='word_1_274' title='bbox 1199 3572 1409 3642; x_wconf 85' lang='lat' dir='ltr'><strong>liegen·</strong></span> 
     </span>
     <span class='ocr_line' id='line_1_48' title="bbox 287 3642 1410 3700; baseline 0 -3"><span class='ocrx_word' id='word_1_275' title='bbox 287 3643 398 3699; x_wconf 88' lang='lat' dir='ltr'><strong>den</strong></span> <span class='ocrx_word' id='word_1_276' title='bbox 425 3642 876 3699; x_wconf 70' lang='lat' dir='ltr'><strong>Concinnitat</strong></span> <span class='ocrx_word' id='word_1_277' title='bbox 901 3644 1037 3700; x_wconf 88' lang='lat' dir='ltr'><strong>oder</strong></span> <span class='ocrx_word' id='word_1_278' title='bbox 1053 3643 1410 3698; x_wconf 73' lang='lat' dir='ltr'><strong>naturlichen</strong></span> 
     </span>
     <span class='ocr_line' id='line_1_49' title="bbox 287 3713 1407 3784; baseline -0.001 -15"><span class='ocrx_word' id='word_1_279' title='bbox 287 3713 625 3784; x_wconf 67' lang='lat' dir='ltr'><strong>symmetria</strong></span> <span class='ocrx_word' id='word_1_280' title='bbox 661 3716 861 3784; x_wconf 81' lang='lat' dir='ltr'><strong>(ordo);</strong></span> <span class='ocrx_word' id='word_1_281' title='bbox 926 3717 1108 3783; x_wconf 77' lang='lat' dir='ltr'><strong>forma</strong></span> <span class='ocrx_word' id='word_1_282' title='bbox 1142 3715 1294 3784; x_wconf 75' lang='lat' dir='ltr'><strong>ipsa,</strong></span> <span class='ocrx_word' id='word_1_283' title='bbox 1315 3730 1320 3735; x_wconf 84' lang='lat'><strong>·</strong></span> <span class='ocrx_word' id='word_1_284' title='bbox 1345 3730 1407 3769; x_wconf 87' lang='lat' dir='ltr'><strong>so</strong></span> 
     </span>
     <span class='ocr_line' id='line_1_50' title="bbox 285 3785 1412 3841; baseline 0.001 -2"><span class='ocrx_word' id='word_1_285' title='bbox 285 3786 413 3841; x_wconf 88' lang='lat' dir='ltr'><strong>dass</strong></span> <span class='ocrx_word' id='word_1_286' title='bbox 449 3786 543 3841; x_wconf 84' lang='lat' dir='ltr'><strong>die</strong></span> <span class='ocrx_word' id='word_1_287' title='bbox 579 3786 924 3841; x_wconf 87' lang='lat' dir='ltr'><strong>oratoriscbe</strong></span> <span class='ocrx_word' id='word_1_288' title='bbox 960 3785 1412 3841; x_wconf 81' lang='lat' dir='ltr'><strong>Beschaffenheit</strong></span> 
     </span>
     <span class='ocr_line' id='line_1_51' title="bbox 286 3856 1408 3913; baseline 0.001 -2"><span class='ocrx_word' id='word_1_289' title='bbox 286 3856 387 3911; x_wconf 89' lang='lat' dir='ltr'><strong>der</strong></span> <span class='ocrx_word' id='word_1_290' title='bbox 407 3856 634 3911; x_wconf 75' lang='lat' dir='ltr'><strong>Worter</strong></span> <span class='ocrx_word' id='word_1_291' title='bbox 668 3873 751 3911; x_wconf 87' lang='lat' dir='ltr'><strong>an</strong></span> <span class='ocrx_word' id='word_1_292' title='bbox 786 3856 934 3911; x_wconf 88' lang='lat' dir='ltr'><strong>sich</strong></span> <span class='ocrx_word' id='word_1_293' title='bbox 971 3857 1056 3911; x_wconf 86' lang='lat' dir='ltr'><strong>als</strong></span> <span class='ocrx_word' id='word_1_294' title='bbox 1093 3856 1408 3913; x_wconf 75' lang='lat' dir='ltr'><strong>naturliche</strong></span> 
     </span>
     <span class='ocr_line' id='line_1_52' title="bbox 284 3927 1406 3984; baseline 0 -2"><span class='ocrx_word' id='word_1_295' title='bbox 284 3927 620 3983; x_wconf 79' lang='lat' dir='ltr'><strong>Antithesen</strong></span> <span class='ocrx_word' id='word_1_296' title='bbox 673 3928 790 3982; x_wconf 89' lang='lat' dir='ltr'><strong>und</strong></span> <span class='ocrx_word' id='word_1_297' title='bbox 839 3928 933 3983; x_wconf 86' lang='lat' dir='ltr'><strong>die</strong></span> <span class='ocrx_word' id='word_1_298' title='bbox 987 3927 1165 3982; x_wconf 87' lang='lat' dir='ltr'><strong>durch</strong></span> <span class='ocrx_word' id='word_1_299' title='bbox 1215 3927 1406 3984; x_wconf 85' lang='lat' dir='ltr'><strong>diesen</strong></span> 
     </span>
     <span class='ocr_line' id='line_1_53' title="bbox 283 3998 1404 4067; baseline 0.001 -14"><span class='ocrx_word' id='word_1_300' title='bbox 283 3998 704 4055; x_wconf 85' lang='lat' dir='ltr'><strong>Parallelismus</strong></span> <span class='ocrx_word' id='word_1_301' title='bbox 741 3999 1016 4054; x_wconf 80' lang='lat' dir='ltr'><strong>bewirkte</strong></span> <span class='ocrx_word' id='word_1_302' title='bbox 1045 3999 1404 4067; x_wconf 74' lang='lat' dir='ltr'><strong>(naturlicbe)</strong></span> 
     </span>
     <span class='ocr_line' id='line_1_54' title="bbox 287 4068 1406 4141; baseline 0.002 -16"><span class='ocrx_word' id='word_1_303' title='bbox 287 4068 622 4141; x_wconf 81' lang='lat' dir='ltr'><strong>Symmetrie</strong></span> <span class='ocrx_word' id='word_1_304' title='bbox 649 4068 811 4125; x_wconf 86' lang='lat' dir='ltr'><strong>ihren</strong></span> <span class='ocrx_word' id='word_1_305' title='bbox 839 4069 912 4124; x_wconf 88' lang='lat' dir='ltr'><strong>ab</strong></span> <span class='ocrx_word' id='word_1_306' title='bbox 953 4068 1260 4127; x_wconf 87' lang='lat' dir='ltr'><strong>erundeten</strong></span> <span class='ocrx_word' id='word_1_307' title='bbox 1275 4071 1406 4127; x_wconf 82' lang='lat' dir='ltr'><strong>Satz</strong></span> 
     </span>
     <span class='ocr_line' id='line_1_55' title="bbox 282 4139 1407 4212; baseline 0.002 -17"><span class='ocrx_word' id='word_1_308' title='bbox 282 4142 475 4198; x_wconf 88' lang='lat' dir='ltr'><strong>bilden</strong></span> <span class='ocrx_word' id='word_1_309' title='bbox 549 4140 924 4212; x_wconf 80' lang='lat' dir='ltr'><strong>(symmetrisc</strong></span> <span class='ocrx_word' id='word_1_310' title='bbox 967 4158 998 4197; x_wconf 84' lang='lat' dir='ltr'><strong>e</strong></span> <span class='ocrx_word' id='word_1_311' title='bbox 1062 4139 1407 4212; x_wconf 79' lang='lat' dir='ltr'><strong>Gliederung</strong></span> 
     </span>
     <span class='ocr_line' id='line_1_56' title="bbox 282 4206 1404 4283; baseline 0 -15"><span class='ocrx_word' id='word_1_312' title='bbox 282 4213 382 4268; x_wconf 90' lang='lat' dir='ltr'><strong>der</strong></span> <span class='ocrx_word' id='word_1_313' title='bbox 435 4212 721 4283; x_wconf 85' lang='lat' dir='ltr'><strong>Periode);</strong></span> <span class='ocrx_word' id='word_1_314' title='bbox 794 4213 974 4267; x_wconf 81' lang='lat' dir='ltr'><strong>orbem</strong></span> <span class='ocrx_word' id='word_1_315' title='bbox 1037 4206 1243 4275; x_wconf 76' lang='grc' dir='ltr'><strong><em>κύκλος</em></strong></span> <span class='ocrx_word' id='word_1_316' title='bbox 1303 4213 1404 4281; x_wconf 81' lang='grc' dir='ltr'><strong>τῆς</strong></span> 
     </span>
     <span class='ocr_line' id='line_1_57' title="bbox 281 4282 1402 4354; baseline -0.001 -15"><span class='ocrx_word' id='word_1_317' title='bbox 281 4282 555 4353; x_wconf 76' lang='grc' dir='ltr'><strong><em>περιόδου</em></strong></span> <span class='ocrx_word' id='word_1_318' title='bbox 607 4284 743 4341; x_wconf 87' lang='lat' dir='ltr'><strong>oder</strong></span> <span class='ocrx_word' id='word_1_319' title='bbox 776 4283 1042 4354; x_wconf 77' lang='grc' dir='ltr'><strong><em>περίοδος</em></strong></span> <span class='ocrx_word' id='word_1_320' title='bbox 1088 4282 1188 4338; x_wconf 87' lang='lat' dir='ltr'><strong>der</strong></span> <span class='ocrx_word' id='word_1_321' title='bbox 1233 4283 1307 4338; x_wconf 88' lang='lat' dir='ltr'><strong>ab</strong></span> <span class='ocrx_word' id='word_1_322' title='bbox 1347 4300 1402 4338; x_wconf 88' lang='lat' dir='ltr'><strong>e-</strong></span> 
     </span>
     <span class='ocr_line' id='line_1_58' title="bbox 279 4353 1402 4425; baseline 0 -16"><span class='ocrx_word' id='word_1_323' title='bbox 279 4356 518 4411; x_wconf 88' lang='lat' dir='ltr'><strong>rundete</strong></span> <span class='ocrx_word' id='word_1_324' title='bbox 557 4353 702 4425; x_wconf 74' lang='lat' dir='ltr'><strong>Sata,</strong></span> <span class='ocrx_word' id='word_1_325' title='bbox 751 4354 842 4411; x_wconf 88' lang='lat' dir='ltr'><strong>die</strong></span> <span class='ocrx_word' id='word_1_326' title='bbox 880 4353 1264 4425; x_wconf 81' lang='lat' dir='ltr'><strong>(oratorische)</strong></span> <span class='ocrx_word' id='word_1_327' title='bbox 1347 4370 1402 4409; x_wconf 88' lang='lat' dir='ltr'><strong>e·</strong></span> 
     </span>
    </p>
   </div>
   <div class='ocr_carea' id='block_1_14' title="bbox 1520 1431 2655 1986">
    <p class='ocr_par' dir='ltr' id='par_1_17' title="bbox 1520 1431 2655 1786">
     <span class='ocr_line' id='line_1_59' title="bbox 1520 1431 2649 1502; baseline -0.001 -15"><span class='ocrx_word' id='word_1_328' title='bbox 1520 1433 1676 1488; x_wconf 86' lang='lat' dir='ltr'><strong>riode</strong></span> <span class='ocrx_word' id='word_1_329' title='bbox 1714 1439 1817 1489; x_wconf 88' lang='grc'><strong>207</strong></span> <span class='ocrx_word' id='word_1_330' title='bbox 1854 1436 1921 1488; x_wconf 75' lang='lat' dir='ltr'><strong>ut</strong></span> <span class='ocrx_word' id='word_1_331' title='bbox 1952 1435 2247 1502; x_wconf 72' lang='lat' dir='ltr'><strong>tamquam</strong></span> <span class='ocrx_word' id='word_1_332' title='bbox 2296 1433 2356 1487; x_wconf 90' lang='lat' dir='ltr'><strong>in</strong></span> <span class='ocrx_word' id='word_1_333' title='bbox 2392 1433 2529 1488; x_wconf 86' lang='lat' dir='ltr'><strong>orbe</strong></span> <span class='ocrx_word' id='word_1_334' title='bbox 2564 1431 2649 1486; x_wconf 83' lang='lat' dir='ltr'><strong>in.-</strong></span> 
     </span>
     <span class='ocr_line' id='line_1_60' title="bbox 1522 1503 2648 1574; baseline -0.001 -16"><span class='ocrx_word' id='word_1_335' title='bbox 1522 1504 1677 1560; x_wconf 85' lang='lat' dir='ltr'><strong>clusa</strong></span> <span class='ocrx_word' id='word_1_336' title='bbox 1713 1506 1906 1560; x_wconf 87' lang='lat' dir='ltr'><strong>currat</strong></span> <span class='ocrx_word' id='word_1_337' title='bbox 1940 1504 2141 1574; x_wconf 80' lang='lat' dir='ltr'><strong>oratiO,</strong></span> <span class='ocrx_word' id='word_1_338' title='bbox 2178 1510 2301 1558; x_wconf 75' lang='lat'><strong>234.</strong></span> <span class='ocrx_word' id='word_1_339' title='bbox 2340 1503 2410 1558; x_wconf 77' lang='lat' dir='ltr'><strong>de</strong></span> <span class='ocrx_word' id='word_1_340' title='bbox 2449 1520 2527 1558; x_wconf 90' lang='lat' dir='ltr'><strong>or.</strong></span> <span class='ocrx_word' id='word_1_341' title='bbox 2548 1503 2648 1572; x_wconf 87' lang='lat'><strong>111,</strong></span> 
     </span>
     <span class='ocr_line' id='line_1_61' title="bbox 1523 1574 2651 1632; baseline 0.001 -3"><span class='ocrx_word' id='word_1_342' title='bbox 1523 1580 1628 1632; x_wconf 87' lang='grc'><strong>198</strong></span> <span class='ocrx_word' id='word_1_343' title='bbox 1680 1577 1899 1631; x_wconf 82' lang='lat' dir='ltr'><strong>veteres</strong></span> <span class='ocrx_word' id='word_1_344' title='bbox 1938 1607 2006 1616; x_wconf 97' lang='lat'><strong>—</strong></span> <span class='ocrx_word' id='word_1_345' title='bbox 2059 1591 2187 1629; x_wconf 90' lang='lat' dir='ltr'><strong>cum</strong></span> <span class='ocrx_word' id='word_1_346' title='bbox 2242 1574 2483 1631; x_wconf 83' lang='lat' dir='ltr'><strong>circuitu</strong></span> <span class='ocrx_word' id='word_1_347' title='bbox 2588 1577 2651 1630; x_wconf 88' lang='lat' dir='ltr'><strong>et</strong></span> 
     </span>
     <span class='ocr_line' id='line_1_62' title="bbox 1523 1646 2655 1716; baseline 0 -16"><span class='ocrx_word' id='word_1_348' title='bbox 1523 1646 1688 1716; x_wconf 88' lang='lat' dir='ltr'><strong>quasi</strong></span> <span class='ocrx_word' id='word_1_349' title='bbox 1751 1647 1945 1702; x_wconf 89' lang='lat' dir='ltr'><strong>orbem</strong></span> <span class='ocrx_word' id='word_1_350' title='bbox 2003 1647 2304 1701; x_wconf 83' lang='lat' dir='ltr'><strong>verborum</strong></span> <span class='ocrx_word' id='word_1_351' title='bbox 2377 1663 2481 1702; x_wconf 86' lang='lat' dir='ltr'><strong>con</strong></span> <span class='ocrx_word' id='word_1_352' title='bbox 2523 1661 2655 1702; x_wconf 78' lang='lat' dir='ltr'><strong>cere</strong></span> 
     </span>
     <span class='ocr_line' id='line_1_63' title="bbox 1522 1720 1919 1786; baseline 0 -14"><span class='ocrx_word' id='word_1_353' title='bbox 1522 1733 1636 1772; x_wconf 89' lang='lat' dir='ltr'><strong>non</strong></span> <span class='ocrx_word' id='word_1_354' title='bbox 1672 1720 1919 1786; x_wconf 81' lang='lat' dir='ltr'><strong>possent.</strong></span> 
     </span>
    </p>

    <p class='ocr_par' dir='ltr' id='par_1_18' title="bbox 1522 1787 2651 1986">
     <span class='ocr_line' id='line_1_64' title="bbox 1596 1787 2651 1858; baseline -0.001 -15"><span class='ocrx_word' id='word_1_355' title='bbox 1596 1795 1647 1843; x_wconf 83' lang='lat'><strong>6.</strong></span> <span class='ocrx_word' id='word_1_356' title='bbox 1684 1793 1786 1843; x_wconf 77' lang='lat' dir='ltr'><strong>aut</strong></span> <span class='ocrx_word' id='word_1_357' title='bbox 1818 1793 1885 1843; x_wconf 71' lang='lat' dir='ltr'><strong>ut</strong></span> <span class='ocrx_word' id='word_1_358' title='bbox 1928 1787 2019 1842; x_wconf 85' lang='lat' dir='ltr'><strong>die</strong></span> <span class='ocrx_word' id='word_1_359' title='bbox 2066 1787 2285 1843; x_wconf 86' lang='lat' dir='ltr'><strong>dritte</strong></span> <span class='ocrx_word' id='word_1_360' title='bbox 2320 1787 2651 1858; x_wconf 80' lang='lat' dir='ltr'><strong>Forderung</strong></span> 
     </span>
     <span class='ocr_line' id='line_1_65' title="bbox 1522 1858 2650 1930; baseline 0 -16"><span class='ocrx_word' id='word_1_361' title='bbox 1522 1859 1751 1914; x_wconf 86' lang='lat' dir='ltr'><strong>bezieht</strong></span> <span class='ocrx_word' id='word_1_362' title='bbox 1800 1858 1921 1915; x_wconf 88' lang='lat' dir='ltr'><strong>sich</strong></span> <span class='ocrx_word' id='word_1_363' title='bbox 1974 1858 2076 1914; x_wconf 80' lang='lat' dir='ltr'><strong>auf</strong></span> <span class='ocrx_word' id='word_1_364' title='bbox 2121 1859 2214 1913; x_wconf 82' lang='lat' dir='ltr'><strong>die</strong></span> <span class='ocrx_word' id='word_1_365' title='bbox 2250 1859 2513 1930; x_wconf 80' lang='lat' dir='ltr'><strong>Stellung</strong></span> <span class='ocrx_word' id='word_1_366' title='bbox 2547 1859 2650 1914; x_wconf 86' lang='lat' dir='ltr'><strong>der</strong></span> 
     </span>
     <span class='ocr_line' id='line_1_66' title="bbox 1522 1929 2650 1986; baseline 0.002 -2"><span class='ocrx_word' id='word_1_367' title='bbox 1522 1929 1723 1985; x_wconf 88' lang='lat' dir='ltr'><strong>Worte</strong></span> <span class='ocrx_word' id='word_1_368' title='bbox 1757 1931 1906 1985; x_wconf 87' lang='lat' dir='ltr'><strong>nach</strong></span> <span class='ocrx_word' id='word_1_369' title='bbox 1942 1930 2049 1985; x_wconf 89' lang='lat' dir='ltr'><strong>den</strong></span> <span class='ocrx_word' id='word_1_370' title='bbox 2080 1930 2350 1986; x_wconf 80' lang='lat' dir='ltr'><strong>Gesetzen</strong></span> <span class='ocrx_word' id='word_1_371' title='bbox 2387 1930 2485 1986; x_wconf 86' lang='lat' dir='ltr'><strong>des</strong></span> <span class='ocrx_word' id='word_1_372' title='bbox 2522 1947 2650 1986; x_wconf 87' lang='lat' dir='ltr'><strong>ora-</strong></span> 
     </span>
    </p>
   </div>
   <div class='ocr_carea' id='block_1_15' title="bbox 2187 2001 2651 2142">
    <p class='ocr_par' dir='ltr' id='par_1_19' title="bbox 2187 2001 2651 2142">
     <span class='ocr_line' id='line_1_67' title="bbox 2187 2001 2651 2142; baseline -0.004 -14"><span class='ocrx_word' id='word_1_373' title='bbox 2187 2001 2651 2142; x_wconf 45' lang='grc'><strong>..933223</strong></span> 
     </span>
    </p>
   </div>
   <div class='ocr_carea' id='block_1_16' title="bbox 1511 2001 2651 4417">
    <p class='ocr_par' dir='ltr' id='par_1_20' title="bbox 1520 2001 2651 2768">
     <span class='ocr_line' id='line_1_68' title="bbox 1521 2001 2197 2058; baseline 0 -2"><span class='ocrx_word' id='word_1_374' title='bbox 1521 2001 1805 2058; x_wconf 86' lang='lat' dir='ltr'><strong>torischen</strong></span> <span class='ocrx_word' id='word_1_375' title='bbox 1866 2001 2197 2056; x_wconf 83' lang='lat' dir='ltr'><strong>Numerus</strong></span> 
     </span>
     <span class='ocr_line' id='line_1_69' title="bbox 1522 2072 2103 2142; baseline 0.003 -15"><span class='ocrx_word' id='word_1_376' title='bbox 1522 2073 1921 2142; x_wconf 74' lang='lat' dir='ltr'><strong>comprehensio</strong></span> <span class='ocrx_word' id='word_1_377' title='bbox 2013 2072 2103 2129; x_wconf 81' lang='lat' dir='ltr'><strong>die</strong></span> 
     </span>
     <span class='ocr_line' id='line_1_70' title="bbox 1528 2148 2647 2200; baseline 0.001 -3"><span class='ocrx_word' id='word_1_378' title='bbox 1528 2148 1648 2198; x_wconf 90' lang='grc'><strong>198.</strong></span> <span class='ocrx_word' id='word_1_379' title='bbox 1688 2148 1809 2199; x_wconf 91' lang='grc'><strong>199.</strong></span> <span class='ocrx_word' id='word_1_380' title='bbox 1849 2149 1971 2199; x_wconf 90' lang='grc'><strong>204.</strong></span> <span class='ocrx_word' id='word_1_381' title='bbox 2008 2149 2132 2200; x_wconf 92' lang='grc'><strong>208.</strong></span> <span class='ocrx_word' id='word_1_382' title='bbox 2181 2149 2304 2199; x_wconf 91' lang='grc'><strong>212.</strong></span> <span class='ocrx_word' id='word_1_383' title='bbox 2352 2149 2476 2200; x_wconf 88' lang='grc'><strong>221.</strong></span> <span class='ocrx_word' id='word_1_384' title='bbox 2523 2149 2647 2200; x_wconf 83' lang='grc'><strong>223.</strong></span> 
     </span>
     <span class='ocr_line' id='line_1_71' title="bbox 1524 2214 2645 2272; baseline 0.001 -2"><span class='ocrx_word' id='word_1_385' title='bbox 1524 2220 1648 2271; x_wconf 82' lang='lat'><strong>225.</strong></span> <span class='ocrx_word' id='word_1_386' title='bbox 1702 2214 1861 2270; x_wconf 83' lang='lat' dir='ltr'><strong>Brut.</strong></span> <span class='ocrx_word' id='word_1_387' title='bbox 1910 2220 1994 2270; x_wconf 85' lang='grc'><strong>34.</strong></span> <span class='ocrx_word' id='word_1_388' title='bbox 2045 2220 2128 2272; x_wconf 91' lang='grc'><strong>96.</strong></span> <span class='ocrx_word' id='word_1_389' title='bbox 2180 2220 2303 2270; x_wconf 89' lang='grc'><strong>140.</strong></span> <span class='ocrx_word' id='word_1_390' title='bbox 2353 2221 2473 2270; x_wconf 89' lang='grc'><strong>162.</strong></span> <span class='ocrx_word' id='word_1_391' title='bbox 2522 2220 2645 2271; x_wconf 86' lang='grc'><strong>274.</strong></span> 
     </span>
     <span class='ocr_line' id='line_1_72' title="bbox 1524 2285 2651 2357; baseline -0.001 -15"><span class='ocrx_word' id='word_1_392' title='bbox 1524 2293 1659 2353; x_wconf 77' lang='lat'><strong>32⁷3</strong></span> <span class='ocrx_word' id='word_1_393' title='bbox 1726 2291 1853 2357; x_wconf 77' lang='lat' dir='ltr'><strong>apte</strong></span> <span class='ocrx_word' id='word_1_394' title='bbox 1898 2286 2027 2342; x_wconf 81' lang='lat' dir='ltr'><strong>dass</strong></span> <span class='ocrx_word' id='word_1_395' title='bbox 2072 2286 2163 2342; x_wconf 84' lang='lat' dir='ltr'><strong>die</strong></span> <span class='ocrx_word' id='word_1_396' title='bbox 2199 2285 2440 2342; x_wconf 87' lang='lat' dir='ltr'><strong>Periode</strong></span> <span class='ocrx_word' id='word_1_397' title='bbox 2484 2286 2651 2343; x_wconf 87' lang='lat' dir='ltr'><strong>einen</strong></span> 
     </span>
     <span class='ocr_line' id='line_1_73' title="bbox 1522 2357 2651 2427; baseline -0.001 -14"><span class='ocrx_word' id='word_1_398' title='bbox 1522 2358 1951 2427; x_wconf 81' lang='lat' dir='ltr'><strong>rhythmischen</strong></span> <span class='ocrx_word' id='word_1_399' title='bbox 1986 2358 2103 2412; x_wconf 88' lang='lat' dir='ltr'><strong>und</strong></span> <span class='ocrx_word' id='word_1_400' title='bbox 2136 2357 2198 2411; x_wconf 87' lang='lat' dir='ltr'><strong>in</strong></span> <span class='ocrx_word' id='word_1_401' title='bbox 2224 2358 2651 2414; x_wconf 82' lang='lat' dir='ltr'><strong>hamonischer</strong></span> 
     </span>
     <span class='ocr_line' id='line_1_74' title="bbox 1524 2428 2651 2501; baseline 0.002 -18"><span class='ocrx_word' id='word_1_402' title='bbox 1524 2429 1641 2483; x_wconf 90' lang='lat' dir='ltr'><strong>und</strong></span> <span class='ocrx_word' id='word_1_403' title='bbox 1674 2430 1847 2485; x_wconf 88' lang='lat' dir='ltr'><strong>fester</strong></span> <span class='ocrx_word' id='word_1_404' title='bbox 1881 2430 2122 2501; x_wconf 72' lang='lat' dir='ltr'><strong>Fiigung</strong></span> <span class='ocrx_word' id='word_1_405' title='bbox 2157 2428 2651 2485; x_wconf 84' lang='lat' dir='ltr'><strong>abschliessenden</strong></span> 
     </span>
     <span class='ocr_line' id='line_1_75' title="bbox 1525 2500 2648 2557; baseline 0.002 -2"><span class='ocrx_word' id='word_1_406' title='bbox 1525 2500 1753 2555; x_wconf 81' lang='lat' dir='ltr'><strong>Tonfall</strong></span> <span class='ocrx_word' id='word_1_407' title='bbox 1805 2500 1955 2555; x_wconf 78' lang='lat' dir='ltr'><strong>habe</strong></span> <span class='ocrx_word' id='word_1_408' title='bbox 2012 2506 2133 2557; x_wconf 87' lang='lat'><strong>168.</strong></span> <span class='ocrx_word' id='word_1_409' title='bbox 2185 2506 2303 2555; x_wconf 89' lang='grc'><strong>170.</strong></span> <span class='ocrx_word' id='word_1_410' title='bbox 2356 2506 2472 2555; x_wconf 89' lang='grc'><strong>174.</strong></span> <span class='ocrx_word' id='word_1_411' title='bbox 2524 2507 2648 2557; x_wconf 86' lang='grc'><strong>177.</strong></span> 
     </span>
     <span class='ocr_line' id='line_1_76' title="bbox 1528 2576 2646 2628; baseline 0.002 -3"><span class='ocrx_word' id='word_1_412' title='bbox 1528 2576 1646 2626; x_wconf 91' lang='grc'><strong>191.</strong></span> <span class='ocrx_word' id='word_1_413' title='bbox 1696 2578 1816 2626; x_wconf 81' lang='grc'><strong>215.</strong></span> <span class='ocrx_word' id='word_1_414' title='bbox 1866 2577 1987 2627; x_wconf 88' lang='grc'><strong>219.</strong></span> <span class='ocrx_word' id='word_1_415' title='bbox 2036 2578 2158 2628; x_wconf 89' lang='grc'><strong>227.</strong></span> <span class='ocrx_word' id='word_1_416' title='bbox 2198 2577 2321 2627; x_wconf 86' lang='grc'><strong>228.</strong></span> <span class='ocrx_word' id='word_1_417' title='bbox 2360 2576 2483 2625; x_wconf 86' lang='grc'><strong>230.</strong></span> <span class='ocrx_word' id='word_1_418' title='bbox 2522 2576 2646 2628; x_wconf 84' lang='grc'><strong>232.</strong></span> 
     </span>
     <span class='ocr_line' id='line_1_77' title="bbox 1520 2642 2646 2768; baseline 0.002 -72"><span class='ocrx_word' id='word_1_419' title='bbox 1520 2648 1647 2768; x_wconf 58' lang='grc' dir='ltr'><strong>ῗῗ3.</strong></span> <span class='ocrx_word' id='word_1_420' title='bbox 1706 2648 1828 2697; x_wconf 78' lang='grc'><strong>236.</strong></span> <span class='ocrx_word' id='word_1_421' title='bbox 1881 2649 2003 2698; x_wconf 86' lang='grc'><strong>236.</strong></span> <span class='ocrx_word' id='word_1_422' title='bbox 2086 2642 2241 2697; x_wconf 83' lang='lat' dir='ltr'><strong>Brut.</strong></span> <span class='ocrx_word' id='word_1_423' title='bbox 2298 2646 2381 2699; x_wconf 87' lang='grc'><strong>68.</strong></span> <span class='ocrx_word' id='word_1_424' title='bbox 2439 2642 2509 2697; x_wconf 85' lang='lat' dir='ltr'><strong>de</strong></span> <span class='ocrx_word' id='word_1_425' title='bbox 2565 2659 2646 2698; x_wconf 88' lang='lat' dir='ltr'><strong>or.</strong></span> 
     </span>
    </p>

    <p class='ocr_par' dir='ltr' id='par_1_21' title="bbox 1576 2719 1715 2783">
     <span class='ocr_line' id='line_1_78' title="bbox 1576 2719 1715 2783; baseline 0.007 -16"><span class='ocrx_word' id='word_1_426' title='bbox 1576 2756 1591 2783; x_wconf 92' lang='lat'><strong><em>‚</em></strong></span> <span class='ocrx_word' id='word_1_427' title='bbox 1630 2719 1715 2768; x_wconf 84' lang='lat'><strong>34.</strong></span> 
     </span>
    </p>

    <p class='ocr_par' dir='ltr' id='par_1_22' title="bbox 1518 2784 2649 2985">
     <span class='ocr_line' id='line_1_79' title="bbox 1596 2784 2649 2856; baseline 0 -17"><span class='ocrx_word' id='word_1_428' title='bbox 1596 2791 1641 2840; x_wconf 87' lang='grc'><strong>7.</strong></span> <span class='ocrx_word' id='word_1_429' title='bbox 1708 2786 1854 2841; x_wconf 75' lang='lat' dir='ltr'><strong>illud</strong></span> <span class='ocrx_word' id='word_1_430' title='bbox 1908 2784 1999 2840; x_wconf 76' lang='lat' dir='ltr'><strong>die</strong></span> <span class='ocrx_word' id='word_1_431' title='bbox 2044 2784 2649 2856; x_wconf 81' lang='lat' dir='ltr'><strong>Aneinanderreihung</strong></span> 
     </span>
     <span class='ocr_line' id='line_1_80' title="bbox 1519 2855 2647 2913; baseline 0.003 -4"><span class='ocrx_word' id='word_1_432' title='bbox 1519 2856 1621 2910; x_wconf 89' lang='lat' dir='ltr'><strong>der</strong></span> <span class='ocrx_word' id='word_1_433' title='bbox 1655 2856 1852 2912; x_wconf 86' lang='lat' dir='ltr'><strong>Worte</strong></span> <span class='ocrx_word' id='word_1_434' title='bbox 1898 2856 2045 2913; x_wconf 83' lang='lat' dir='ltr'><strong>nach</strong></span> <span class='ocrx_word' id='word_1_435' title='bbox 2090 2857 2200 2912; x_wconf 85' lang='lat' dir='ltr'><strong>den</strong></span> <span class='ocrx_word' id='word_1_436' title='bbox 2238 2855 2508 2913; x_wconf 76' lang='lat' dir='ltr'><strong>Gesetzen</strong></span> <span class='ocrx_word' id='word_1_437' title='bbox 2544 2857 2647 2912; x_wconf 86' lang='lat' dir='ltr'><strong>des</strong></span> 
     </span>
     <span class='ocr_line' id='line_1_81' title="bbox 1518 2926 1821 2985; baseline 0.007 -2"><span class='ocrx_word' id='word_1_438' title='bbox 1518 2926 1821 2985; x_wconf 83' lang='lat' dir='ltr'><strong>Wollauts.</strong></span> 
     </span>
    </p>

    <p class='ocr_par' dir='ltr' id='par_1_23' title="bbox 1518 3002 2650 3643">
     <span class='ocr_line' id='line_1_82' title="bbox 1593 3002 2650 3074; baseline 0.001 -17"><span class='ocrx_word' id='word_1_439' title='bbox 1593 3006 1641 3058; x_wconf 89' lang='grc'><strong>8.</strong></span> <span class='ocrx_word' id='word_1_440' title='bbox 1689 3007 1973 3058; x_wconf 71' lang='lat' dir='ltr'><strong>structura</strong></span> <span class='ocrx_word' id='word_1_441' title='bbox 2023 3002 2251 3074; x_wconf 83' lang='lat' dir='ltr'><strong>eigentl.</strong></span> <span class='ocrx_word' id='word_1_442' title='bbox 2299 3002 2391 3059; x_wconf 87' lang='lat' dir='ltr'><strong>die</strong></span> <span class='ocrx_word' id='word_1_443' title='bbox 2435 3002 2650 3058; x_wconf 81' lang='lat' dir='ltr'><strong>Ansin-</strong></span> 
     </span>
     <span class='ocr_line' id='line_1_83' title="bbox 1520 3072 2650 3145; baseline 0.002 -18"><span class='ocrx_word' id='word_1_444' title='bbox 1520 3073 1909 3145; x_wconf 76' lang='lat' dir='ltr'><strong>anderffigung</strong></span> <span class='ocrx_word' id='word_1_445' title='bbox 1972 3075 2072 3129; x_wconf 90' lang='lat' dir='ltr'><strong>der</strong></span> <span class='ocrx_word' id='word_1_446' title='bbox 2132 3074 2379 3145; x_wconf 81' lang='lat' dir='ltr'><strong>fertigen</strong></span> <span class='ocrx_word' id='word_1_447' title='bbox 2440 3072 2650 3129; x_wconf 86' lang='lat' dir='ltr'><strong>Werk-</strong></span> 
     </span>
     <span class='ocr_line' id='line_1_84' title="bbox 1520 3145 2644 3215; baseline 0.002 -16"><span class='ocrx_word' id='word_1_448' title='bbox 1520 3145 1717 3201; x_wconf 73' lang='lat' dir='ltr'><strong>stficke</strong></span> <span class='ocrx_word' id='word_1_449' title='bbox 1735 3146 1888 3202; x_wconf 89' lang='lat' dir='ltr'><strong>beim</strong></span> <span class='ocrx_word' id='word_1_450' title='bbox 1901 3145 2112 3215; x_wconf 81' lang='lat' dir='ltr'><strong>Rauen,</strong></span> <span class='ocrx_word' id='word_1_451' title='bbox 2149 3145 2275 3201; x_wconf 88' lang='lat' dir='ltr'><strong>hier</strong></span> <span class='ocrx_word' id='word_1_452' title='bbox 2298 3146 2644 3215; x_wconf 70' lang='lat' dir='ltr'><strong>uberti-agen</strong></span> 
     </span>
     <span class='ocr_line' id='line_1_85' title="bbox 1520 3216 2644 3287; baseline 0.002 -16"><span class='ocrx_word' id='word_1_453' title='bbox 1520 3216 1720 3283; x_wconf 83' lang='lat' dir='ltr'><strong>(daher</strong></span> <span class='ocrx_word' id='word_1_454' title='bbox 1756 3218 1939 3286; x_wconf 85' lang='lat' dir='ltr'><strong>quasi)</strong></span> <span class='ocrx_word' id='word_1_455' title='bbox 1976 3217 2080 3272; x_wconf 85' lang='lat' dir='ltr'><strong>auf</strong></span> <span class='ocrx_word' id='word_1_456' title='bbox 2100 3216 2193 3272; x_wconf 86' lang='lat' dir='ltr'><strong>die</strong></span> <span class='ocrx_word' id='word_1_457' title='bbox 2220 3216 2644 3287; x_wconf 68' lang='lat' dir='ltr'><strong>kunstmassige</strong></span> 
     </span>
     <span class='ocr_line' id='line_1_86' title="bbox 1518 3285 2645 3358; baseline 0.001 -17"><span class='ocrx_word' id='word_1_458' title='bbox 1518 3285 1886 3358; x_wconf 83' lang='lat' dir='ltr'><strong>Verbindung</strong></span> <span class='ocrx_word' id='word_1_459' title='bbox 1920 3288 2021 3343; x_wconf 88' lang='lat' dir='ltr'><strong>der</strong></span> <span class='ocrx_word' id='word_1_460' title='bbox 2053 3288 2252 3343; x_wconf 85' lang='lat' dir='ltr'><strong>Worte</strong></span> <span class='ocrx_word' id='word_1_461' title='bbox 2290 3288 2415 3357; x_wconf 83' lang='lat' dir='ltr'><strong>(das</strong></span> <span class='ocrx_word' id='word_1_462' title='bbox 2448 3286 2645 3348; x_wconf 78' lang='lat' dir='ltr'><strong>Wort-</strong></span> 
     </span>
     <span class='ocr_line' id='line_1_87' title="bbox 1518 3358 2641 3429; baseline 0.002 -17"><span class='ocrx_word' id='word_1_463' title='bbox 1518 3358 1749 3429; x_wconf 80' lang='lat' dir='ltr'><strong>gefiige)</strong></span> <span class='ocrx_word' id='word_1_464' title='bbox 1785 3359 1941 3414; x_wconf 85' lang='lat' dir='ltr'><strong>Brut.</strong></span> <span class='ocrx_word' id='word_1_465' title='bbox 1981 3364 2049 3413; x_wconf 87' lang='grc'><strong>33</strong></span> <span class='ocrx_word' id='word_1_466' title='bbox 2086 3361 2219 3414; x_wconf 86' lang='lat' dir='ltr'><strong>ante</strong></span> <span class='ocrx_word' id='word_1_467' title='bbox 2257 3359 2407 3415; x_wconf 89' lang='lat' dir='ltr'><strong>hunc</strong></span> <span class='ocrx_word' id='word_1_468' title='bbox 2441 3360 2641 3414; x_wconf 80' lang='lat' dir='ltr'><strong>verbo-</strong></span> 
     </span>
     <span class='ocr_line' id='line_1_88' title="bbox 1518 3430 2644 3499; baseline 0.001 -15"><span class='ocrx_word' id='word_1_469' title='bbox 1518 3447 1644 3485; x_wconf 87' lang='lat' dir='ltr'><strong>rum</strong></span> <span class='ocrx_word' id='word_1_470' title='bbox 1697 3430 1862 3499; x_wconf 81' lang='lat' dir='ltr'><strong>quasi</strong></span> <span class='ocrx_word' id='word_1_471' title='bbox 1916 3432 2199 3486; x_wconf 78' lang='lat' dir='ltr'><strong>structura</strong></span> <span class='ocrx_word' id='word_1_472' title='bbox 2246 3432 2307 3486; x_wconf 83' lang='lat' dir='ltr'><strong>et</strong></span> <span class='ocrx_word' id='word_1_473' title='bbox 2400 3430 2644 3485; x_wconf 84' lang='lat' dir='ltr'><strong>uaedam</strong></span> 
     </span>
     <span class='ocr_line' id='line_1_89' title="bbox 1520 3500 2640 3559; baseline 0.004 -4"><span class='ocrx_word' id='word_1_474' title='bbox 1520 3500 1593 3555; x_wconf 88' lang='lat' dir='ltr'><strong>ad</strong></span> <span class='ocrx_word' id='word_1_475' title='bbox 1628 3518 1920 3556; x_wconf 87' lang='lat' dir='ltr'><strong>numerum</strong></span> <span class='ocrx_word' id='word_1_476' title='bbox 1968 3502 2251 3557; x_wconf 86' lang='lat' dir='ltr'><strong>conclusio</strong></span> <span class='ocrx_word' id='word_1_477' title='bbox 2296 3518 2335 3555; x_wconf 89' lang='lat' dir='ltr'><strong>n</strong></span> <span class='ocrx_word' id='word_1_478' title='bbox 2500 3502 2640 3559; x_wconf 69' lang='lat' dir='ltr'><strong>erat.</strong></span> 
     </span>
     <span class='ocr_line' id='line_1_90' title="bbox 1519 3571 2641 3643; baseline 0.002 -17"><span class='ocrx_word' id='word_1_479' title='bbox 1519 3571 1589 3627; x_wconf 87' lang='lat' dir='ltr'><strong>de</strong></span> <span class='ocrx_word' id='word_1_480' title='bbox 1629 3588 1706 3627; x_wconf 92' lang='lat' dir='ltr'><strong>or.</strong></span> <span class='ocrx_word' id='word_1_481' title='bbox 1743 3573 1839 3641; x_wconf 89' lang='grc' dir='ltr'><strong>ΠΙ,</strong></span> <span class='ocrx_word' id='word_1_482' title='bbox 1881 3579 1980 3628; x_wconf 88' lang='grc'><strong>171</strong></span> <span class='ocrx_word' id='word_1_483' title='bbox 2028 3574 2285 3643; x_wconf 86' lang='lat' dir='ltr'><strong>(struere)</strong></span> <span class='ocrx_word' id='word_1_484' title='bbox 2320 3571 2478 3627; x_wconf 89' lang='lat' dir='ltr'><strong>Brut.</strong></span> <span class='ocrx_word' id='word_1_485' title='bbox 2515 3578 2641 3629; x_wconf 87' lang='grc'><strong>274.</strong></span> 
     </span>
    </p>

    <p class='ocr_par' dir='ltr' id='par_1_24' title="bbox 1514 3643 2643 3913">
     <span class='ocr_line' id='line_1_91' title="bbox 1590 3643 2642 3713; baseline 0.001 -16"><span class='ocrx_word' id='word_1_486' title='bbox 1590 3648 1641 3697; x_wconf 92' lang='grc'><strong>9.</strong></span> <span class='ocrx_word' id='word_1_487' title='bbox 1680 3659 1896 3713; x_wconf 79' lang='lat' dir='ltr'><strong>operose</strong></span> <span class='ocrx_word' id='word_1_488' title='bbox 1947 3644 2208 3699; x_wconf 76' lang='lat' dir='ltr'><strong>muhsam</strong></span> <span class='ocrx_word' id='word_1_489' title='bbox 2260 3643 2378 3698; x_wconf 87' lang='lat' dir='ltr'><strong>und</strong></span> <span class='ocrx_word' id='word_1_490' title='bbox 2428 3643 2642 3713; x_wconf 87' lang='lat' dir='ltr'><strong>pedan-</strong></span> 
     </span>
     <span class='ocr_line' id='line_1_92' title="bbox 1516 3713 2643 3785; baseline 0.001 -16"><span class='ocrx_word' id='word_1_491' title='bbox 1516 3713 1689 3780; x_wconf 79' lang='lat' dir='ltr'><strong>tisch;</strong></span> <span class='ocrx_word' id='word_1_492' title='bbox 1736 3715 1828 3770; x_wconf 89' lang='lat' dir='ltr'><strong>die</strong></span> <span class='ocrx_word' id='word_1_493' title='bbox 1874 3714 2199 3785; x_wconf 80' lang='lat' dir='ltr'><strong>diligentia,</strong></span> <span class='ocrx_word' id='word_1_494' title='bbox 2246 3714 2337 3769; x_wconf 84' lang='lat' dir='ltr'><strong>die</strong></span> <span class='ocrx_word' id='word_1_495' title='bbox 2382 3731 2527 3785; x_wconf 81' lang='lat' dir='ltr'><strong>ganz</strong></span> <span class='ocrx_word' id='word_1_496' title='bbox 2564 3731 2643 3770; x_wconf 84' lang='lat' dir='ltr'><strong>an</strong></span> 
     </span>
     <span class='ocr_line' id='line_1_93' title="bbox 1514 3784 2643 3854; baseline 0.001 -14"><span class='ocrx_word' id='word_1_497' title='bbox 1514 3785 1697 3841; x_wconf 86' lang='lat' dir='ltr'><strong>ihrem</strong></span> <span class='ocrx_word' id='word_1_498' title='bbox 1724 3784 1860 3841; x_wconf 87' lang='lat' dir='ltr'><strong>Orte</strong></span> <span class='ocrx_word' id='word_1_499' title='bbox 1895 3786 1987 3854; x_wconf 84' lang='lat' dir='ltr'><strong>ist,</strong></span> <span class='ocrx_word' id='word_1_500' title='bbox 2025 3786 2157 3841; x_wconf 83' lang='lat' dir='ltr'><strong>darf</strong></span> <span class='ocrx_word' id='word_1_501' title='bbox 2186 3786 2346 3841; x_wconf 84' lang='lat' dir='ltr'><strong>nicht</strong></span> <span class='ocrx_word' id='word_1_502' title='bbox 2370 3786 2430 3841; x_wconf 89' lang='lat' dir='ltr'><strong>in</strong></span> <span class='ocrx_word' id='word_1_503' title='bbox 2457 3785 2643 3841; x_wconf 86' lang='lat' dir='ltr'><strong>klein-</strong></span> 
     </span>
     <span class='ocr_line' id='line_1_94' title="bbox 1515 3856 2251 3913; baseline 0.003 -2"><span class='ocrx_word' id='word_1_504' title='bbox 1515 3856 1665 3912; x_wconf 88' lang='lat' dir='ltr'><strong>liche</strong></span> <span class='ocrx_word' id='word_1_505' title='bbox 1701 3856 1934 3912; x_wconf 83' lang='lat' dir='ltr'><strong>Akribie</strong></span> <span class='ocrx_word' id='word_1_506' title='bbox 1967 3860 2251 3913; x_wconf 58' lang='lat' dir='ltr'><strong>‚ausartern</strong></span> 
     </span>
    </p>

    <p class='ocr_par' dir='ltr' id='par_1_25' title="bbox 1511 3930 2641 4201">
     <span class='ocr_line' id='line_1_95' title="bbox 1590 3930 2639 4002; baseline 0.004 -21"><span class='ocrx_word' id='word_1_507' title='bbox 1590 3934 1676 3982; x_wconf 89' lang='grc'><strong>10.</strong></span> <span class='ocrx_word' id='word_1_508' title='bbox 1710 3930 1842 3985; x_wconf 72' lang='lat' dir='ltr'><strong>scite</strong></span> <span class='ocrx_word' id='word_1_509' title='bbox 1886 3932 2133 4001; x_wconf 59' lang='grc' dir='ltr'><strong>παρίτω,</strong></span> <span class='ocrx_word' id='word_1_510' title='bbox 2176 3930 2285 3987; x_wconf 76' lang='lat' dir='ltr'><strong>wie</strong></span> <span class='ocrx_word' id='word_1_511' title='bbox 2330 3930 2401 3987; x_wconf 84' lang='lat' dir='ltr'><strong>de</strong></span> <span class='ocrx_word' id='word_1_512' title='bbox 2450 3947 2528 3986; x_wconf 87' lang='lat' dir='ltr'><strong>or.</strong></span> <span class='ocrx_word' id='word_1_513' title='bbox 2564 3931 2639 4002; x_wconf 82' lang='grc' dir='ltr'><strong>Π,</strong></span> 
     </span>
     <span class='ocr_line' id='line_1_96' title="bbox 1514 4002 2639 4072; baseline 0.007 -18"><span class='ocrx_word' id='word_1_514' title='bbox 1514 4004 1619 4055; x_wconf 87' lang='grc'><strong>238</strong></span> <span class='ocrx_word' id='word_1_515' title='bbox 1664 4016 1841 4071; x_wconf 86' lang='lat' dir='ltr'><strong>eaque</strong></span> <span class='ocrx_word' id='word_1_516' title='bbox 1898 4002 2046 4058; x_wconf 89' lang='lat' dir='ltr'><strong>belle</strong></span> <span class='ocrx_word' id='word_1_517' title='bbox 2096 4003 2315 4072; x_wconf 80' lang='lat' dir='ltr'><strong>agitata</strong></span> <span class='ocrx_word' id='word_1_518' title='bbox 2368 4002 2639 4062; x_wconf 84' lang='lat' dir='ltr'><strong>ridentur.</strong></span> 
     </span>
     <span class='ocr_line' id='line_1_97' title="bbox 1511 4069 2641 4143; baseline 0.004 -18"><span class='ocrx_word' id='word_1_519' title='bbox 1511 4069 1668 4127; x_wconf 88' lang='lat' dir='ltr'><strong>Brut.</strong></span> <span class='ocrx_word' id='word_1_520' title='bbox 1708 4078 1811 4126; x_wconf 87' lang='grc'><strong>109</strong></span> <span class='ocrx_word' id='word_1_521' title='bbox 1858 4071 2041 4129; x_wconf 84' lang='lat' dir='ltr'><strong>facete</strong></span> <span class='ocrx_word' id='word_1_522' title='bbox 2089 4073 2334 4143; x_wconf 80' lang='lat' dir='ltr'><strong>agitavit</strong></span> <span class='ocrx_word' id='word_1_523' title='bbox 2370 4072 2427 4130; x_wconf 86' lang='lat' dir='ltr'><strong>C.</strong></span> <span class='ocrx_word' id='word_1_524' title='bbox 2467 4073 2641 4129; x_wconf 83' lang='lat' dir='ltr'><strong>Grac-</strong></span> 
     </span>
     <span class='ocr_line' id='line_1_98' title="bbox 1513 4142 2258 4201; baseline 0.008 -6"><span class='ocrx_word' id='word_1_525' title='bbox 1513 4142 1697 4198; x_wconf 84' lang='lat' dir='ltr'><strong>chum.</strong></span> <span class='ocrx_word' id='word_1_526' title='bbox 1736 4160 1778 4198; x_wconf 87' lang='lat' dir='ltr'><strong>s.</strong></span> <span class='ocrx_word' id='word_1_527' title='bbox 1816 4144 1931 4199; x_wconf 89' lang='lat' dir='ltr'><strong>ind.</strong></span> <span class='ocrx_word' id='word_1_528' title='bbox 1969 4145 2258 4201; x_wconf 84' lang='lat' dir='ltr'><strong>Albucius.</strong></span> 
     </span>
    </p>

    <p class='ocr_par' dir='ltr' id='par_1_26' title="bbox 1511 4215 2641 4417">
     <span class='ocr_line' id='line_1_99' title="bbox 1587 4215 2641 4287; baseline 0.004 -20"><span class='ocrx_word' id='word_1_529' title='bbox 1587 4218 1669 4271; x_wconf 87' lang='grc'><strong>12.</strong></span> <span class='ocrx_word' id='word_1_530' title='bbox 1709 4220 1827 4269; x_wconf 84' lang='lat' dir='ltr'><strong>arte</strong></span> <span class='ocrx_word' id='word_1_531' title='bbox 1859 4215 2280 4287; x_wconf 80' lang='lat' dir='ltr'><strong>kunstgerecht,</strong></span> <span class='ocrx_word' id='word_1_532' title='bbox 2325 4216 2386 4271; x_wconf 91' lang='lat' dir='ltr'><strong>in</strong></span> <span class='ocrx_word' id='word_1_533' title='bbox 2421 4217 2641 4273; x_wconf 80' lang='lat' dir='ltr'><strong>vollen-</strong></span> 
     </span>
     <span class='ocr_line' id='line_1_100' title="bbox 1512 4284 2636 4349; baseline 0.004 -10"><span class='ocrx_word' id='word_1_534' title='bbox 1512 4284 1672 4340; x_wconf 89' lang='lat' dir='ltr'><strong>deter</strong></span> <span class='ocrx_word' id='word_1_535' title='bbox 1710 4285 1965 4341; x_wconf 81' lang='lat' dir='ltr'><strong>Technik</strong></span> <span class='ocrx_word' id='word_1_536' title='bbox 1998 4288 2153 4344; x_wconf 89' lang='lat' dir='ltr'><strong>Brut.</strong></span> <span class='ocrx_word' id='word_1_537' title='bbox 2198 4293 2300 4343; x_wconf 89' lang='lat'><strong>118</strong></span> <span class='ocrx_word' id='word_1_538' title='bbox 2314 4290 2404 4349; x_wconf 58' lang='lat' dir='ltr'><strong>sut</strong></span> <span class='ocrx_word' id='word_1_539' title='bbox 2439 4305 2636 4344; x_wconf 86' lang='lat' dir='ltr'><strong>omnes</strong></span> 
     </span>
     <span class='ocr_line' id='line_1_101' title="bbox 1511 4354 2640 4417; baseline 0.004 -7"><span class='ocrx_word' id='word_1_540' title='bbox 1511 4355 1629 4412; x_wconf 85' lang='lat' dir='ltr'><strong>fere</strong></span> <span class='ocrx_word' id='word_1_541' title='bbox 1669 4354 1846 4413; x_wconf 89' lang='lat' dir='ltr'><strong>Stoici</strong></span> <span class='ocrx_word' id='word_1_542' title='bbox 1882 4388 1950 4399; x_wconf 89' lang='lat'><strong>-—</strong></span> <span class='ocrx_word' id='word_1_543' title='bbox 1988 4358 2049 4415; x_wconf 89' lang='lat' dir='ltr'><strong>id</strong></span> <span class='ocrx_word' id='word_1_544' title='bbox 2086 4361 2208 4415; x_wconf 83' lang='lat' dir='ltr'><strong>arte</strong></span> <span class='ocrx_word' id='word_1_545' title='bbox 2245 4358 2465 4417; x_wconf 84' lang='lat' dir='ltr'><strong>faciant</strong></span> <span class='ocrx_word' id='word_1_546' title='bbox 2498 4358 2640 4415; x_wconf 86' lang='lat' dir='ltr'><strong>sint-</strong></span> 
     </span>
    </p>
   </div>
  </div>
 </body>
</html>
