2949 4647
1174 111 1471 190 ORATOR
1510 140 1596 191 35.
1634 139 1756 190 122.
2559 134 2642 198 91

298 304 435 364 fieri
480 301 647 384 solet,
693 303 755 362 in
803 321 942 383 quo,
986 301 1147 381 quod
1191 308 1285 362 est
1331 301 1742 381 ambiguorum
1777 303 2106 383 proprium,
2143 320 2243 363 res
2280 302 2428 364 duas
2465 305 2644 384 signi-

298 392 469 453 ficari
514 391 799 452 videmuS.
870 391 1051 452 ‘Cum
1094 399 1217 451 tam
1260 408 1449 470 pauca
1495 393 1615 452 sint
1659 409 1879 470 genera
1924 409 2266 473 causarum,
2311 395 2500 454 etiam
2553 412 2644 454 ar-

300 489 725 560 gumentorum
770 487 1087 561 praecepta
1131 497 1319 559 pauca
1364 487 1534 542 sunt·
1597 478 1800 541 traditi
1837 487 2004 561 sunt,
2059 499 2092 540 e
2149 480 2366 559 quibus
2420 499 2492 542 ea
2535 480 2644 544 du-

300 578 533 651 cantur,
576 569 846 650 duplices
892 569 1033 630 loci:
1076 571 1185 629 uni
1230 587 1263 629 e
1308 567 1494 630 rebus
1537 571 1702 651 ipsiS‚
1747 568 1920 630 alteri
1949 568 2220 630 adsumti.

246 677 289 731 5,
478 659 781 722 Tractatio
840 660 1023 738 igitur
1076 675 1282 719 rerum
1338 658 1524 719 efficit
1567 657 2064 719 admirabiliorem
2109 660 2465 741 orationem3
2523 656 2627 741 35,
2650 659 2752 709 122

299 767 439 810 nam
496 751 661 831 ipsae
726 747 967 826 quidem
1030 765 1131 808 res
1192 748 1256 808 in
1318 742 1589 825 perfacili
1651 748 2002 852 cognitione
2051 754 2381 808 versantur.

2491 748 2647 820 Quid

298 839 462 898 enim
506 839 651 918 iam
670 838 969 916 sequitur,
1026 835 1186 916 quod
1240 834 1482 914 quidem
1527 838 1672 897 artis
1733 837 1835 916 sit,
1889 837 2004 896 nisi
2060 835 2246 896 ordiri
2300 838 2649 919 orationem,

296 944 421 1005 quo
467 934 571 989 aut
616 924 969 986 concilietur
1024 924 1259 986 auditor
1312 933 1417 985 aut
1469 927 1733 1004 erigatur
1787 932 1892 985 aut
1946 932 2118 1004 paret
2171 943 2235 986 se
2291 925 2363 986 ad
2410 924 2642 987 discen·
2753 1001 2756 1005 y

298 1015 469 1096 dum3
532 1033 662 1076 rem
714 1013 979 1075 breviter
1034 1031 1329 1093 exponere
1386 1020 1449 1074 et
1499 1012 1886 1093 probabili-ter
1953 1021 2014 1074 et
2077 1021 2308 1096 aperte,
2374 1023 2441 1076 ut
2481 1014 2647 1094 vquid

220 1124 274 1167 ιο
300 1111 513 1190 agatur
568 1103 831 1183 intellegi
876 1105 1093 1184 possit3
1148 1120 1255 1164 sua
1297 1103 1672 1184 confirmare,
1733 1102 2068 1163 adversaria
2111 1110 2401 1184 evertere,
2459 1121 2646 1183 eaque

292 1281 475 1334 rentes
490 1275 695 1358 ‘acmpi
727 1274 949 1344 possint
982 1275 1142 1344 (Top.
1174 1278 1263 1345 96)
1300 1277 1420 1332 eat-

232 1378 237 1382 ·
293 1347 481 1404 steht
493 1346 557 1404 in
601 1347 702 1402 der
736 1345 857 1416 Reg
858 1345 913 1400 el
956 1345 1234 1416 dadurch,
1289 1346 1419 1405 dass

293 1420 474 1474 etwas
526 1416 687 1473 nicht
732 1363 1123 1472 ausfflrficklioh
1168 1417 1422 1474 erw'ahnt

290 1489 389 1560 ist,
424 1489 631 1558 quibus
668 1487 897 1544 additis
910 1486 1255 1556 defenditur,
1298 1504 1418 1544 sen-

292 1561 534 1616 tentiam
588 1558 786 1629 scripti
836 1559 1187 1628 perspicuam
1248 1559 1419 1616 fixisse

268 1631 389 1701 .(de
426 1631 795 1700 or.11‚110).

368 1743 419 1794 1.
466 1738 533 1792 in
584 1752 708 1821 quo
755 1736 961 1806 wobei,
1024 1737 1083 1792 in
1151 1738 1423 1794 walchem

294 1809 425 1866 Fan
470 1808 615 1864 eben
658 1807 782 1864 eine
826 1808 1225 1864 verschiedene
1271 1805 1422 1864 Deu-

294 1883 441 1952 tung
494 1880 594 1935 des
650 1878 850 1936 Sinnes
914 1878 1013 1934 der
1068 1879 1244 1935 Stelle
1296 1896 1421 1936 vor-

294 1953 565 2006 kommen
598 1949 779 2020 kann,
834 1949 886 2006 d.
925 1951 980 2006 h.
1029 1966 1087 2006 es
1133 1949 1210 2005 ist
1244 1951 1421 2006 ambi-

296 2021 1421 2176 ἕὲθιὶἓξΡὛιὲιῖἵὲαῗῖέἶῖωῗὲιέἑξ

298 2182 429 2220 cum
466 2161 565 2233 qui
641 2164 875 2219 senserit
914 2161 1176 2234 scriptor,
1227 2164 1421 2220 obscu-

296 2255 423 2292 rum
461 2237 573 2304 est,
619 2235 771 2304 quod
808 2235 1077 2305 scriptum
1123 2235 1263 2290 duas
1298 2235 1422 2306 plu-

294 2323 457 2363 resve
493 2322 584 2363 res
621 2306 919 2379 signifieat.

368 2386 421 2437 2.
460 2383 573 2433 tam
600 2394 810 2448 pauca,
844 2377 1103 2436 namfich
1136 2368 1169 2433 2
1208 2379 1422 2449 Haupt—

296 2451 621 2534 gattungen
668 2452 802 2519 (res,
858 2450 1077 2517 verba),
1134 2449 1225 2505 die
1276 2450 1422 2506 erste

295 2521 406 2577 mit
452 2526 511 2589 3,
567 2520 657 2576 die
712 2520 918 2575 andere
963 2520 1071 2575 mit
1114 2528 1145 2575 2
1194 2518 1422 2577 Classen

294 2610 409 2649 von
453 2591 677 2659 Fallen3
742 2592 905 2646 etiam
950 2591 1020 2645 de
1064 2607 1143 2647 or.
1189 2592 1420 2665 11,11;1

294 2664 397 2719 isti
425 2661 671 2732 quidem,
702 2662 799 2732 qui
829 2662 1049 2731 docent,
1078 2679 1204 2717 cum
1224 2680 1421 2721 causas

295 2734 359 2790 in
394 2733 561 2803 plura
594 2749 802 2803 genera
837 2735 1148 2803 secuerunt,
1188 2733 1423 2817 singulis

296 2806 601 2879 generibus
674 2805 1130 2875 argumentorum
1204 2804 1425 2875 copiam

297 2874 1423 3029 ὲῖιξᾝέὲιῗὲἓὲιῗὲἐὲἒζξὲ

298 3020 495 3075 menta
542 3018 787 3088 propria.
888 3016 997 3073 Mit
1056 3017 1154 3072 der
1218 3018 1425 3088 obigen

299 3036 618 3145 Reduction
645 3088 745 3143 der
770 3105 979 3159 genera.
1006 3106 1300 3145 causarum
1336 3105 1422 3159 et,-

300 3160 430 3233 gibt
464 3158 585 3215 sich
635 3160 809 3215 daher
852 3160 1109 3230 zugleich
1163 3160 1255 3215 die
1301 3162 1421 3215 ent-

304 3230 647 3301 sprechende
661 3230 1116 3314 Vereinfachung
1134 3230 1422 3287 derLehre

302 3320 434 3359 vom
472 3300 857 3357 oratorischen
891 3300 1107 3357 Beweis
1153 3302 1289 3358 oder
1325 3302 1424 3357 der

301 3374 425 3443 Top
427 3372 489 3427 ik
526 3372 611 3428 als
639 3371 938 3443 disciplina
964 3372 1423 3480 inveniendorum

302 3446 763 3567 argumentorum
799 3443 959 3513 (Top.
989 3450 1079 3510 §2
1170 3462 1227 3500 es
1260 3444 1422 3499 kom-

301 3532 432 3571 men
497 3514 644 3570 auch
706 3514 830 3570 hier
898 3533 1004 3569 nur
1104 3486 1157 3571 i’e
1219 3514 1425 3571 beiden

300 3585 855 3668 Hauptkategorieen
900 3585 1001 3641 der
1042 3584 1273 3642 inneren
1306 3587 1423 3641 und

304 3662 569 3713 ausseren
602 3655 853 3712 Beweise
888 3657 949 3711 in
984 3656 1267 3713 Betracht.

376 3734 427 3783 3.
474 3728 675 3783 traditi
708 3732 840 3782 sunt
885 3745 996 3784 von
1033 3728 1142 3782 den
1176 3726 1424 3784 Lehrern

305 3798 403 3854 der
438 3798 717 3853 Rhetorik
752 3817 796 3855 s.
833 3797 945 3853 ind.
984 3797 1111 3853 loci.

373 3876 425 3927 4.
472 3887 511 3925 α
556 3870 715 3925 rebus
760 3870 899 3941 ipsis
951 3864 1011 3937 ἐξ
1066 3864 1257 3925 αὐτῶν
1311 3870 1424 3929 τῶν

302 3934 585 4012 πραξεων.

372 4081 621 4209 {Yeiter
624 4080 845 4137 kommt
881 4096 939 4137 es
974 4099 1091 4137 nun
1126 4097 1227 4138 vor
1254 4082 1424 4139 allem

306 4170 379 4209 au

377 4259 437 4318 0.
473 4258 585 4315 die
619 4258 940 4315 formello
974 4258 1426 4329 Behandlung

306 4348 404 4401 an,
468 4331 513 4385 Ι.
566 4330 647 4384 im
700 4330 1077 4399 allgemeinen
1139 4330 1239 4385 der
1300 4346 1426 4385 ver-

306 4402 647 4459 schiedenen
708 4400 1026 4470 Redeteile,
1100 4401 1199 4456 der
1258 4398 1426 4463 θέσις

1528 1269 1914 1412 {Biiaffefffif
1952 1273 2072 1342 (des
2107 1263 2255 1343 ἦθος
2290 1275 2406 1329 und
2431 1271 2647 1344 πάθος)

1601 1492 1650 1542 5.
1693 1485 1978 1542 Tractatio
2013 1486 2119 1540 mit
2147 1485 2486 1542 Naehdruck
2521 1503 2646 1542 vor-

1528 1558 1847 1640 angestellt‚
1885 1557 1992 1613 wie
2024 1557 2098 1612 de
2133 1575 2212 1612 or.
2249 1559 2318 1628 H,
2359 1565 2479 1614 177.
2538 1558 2648 1614 Die

1525 1628 1903 1684 theoretische
1925 1601 2404 1699 Schematisirung
2420 1628 2497 1684 ist
2523 1629 2652 1684 sehr

1529 1700 1751 1756 einfach
1821 1700 1936 1754 und
2007 1701 2143 1755 bald
2223 1701 2473 1771 gelernt,
2557 1701 2650 1756 die

1531 1773 1840 1828 schwerere
1849 1770 2254 1856 Handhabung
2266 1771 2450 1827 dieser
2459 1742 2648 1843 ’Dinge

1529 1843 1650 1899 also
1702 1842 1780 1897 ist
1834 1858 1921 1912 es,
1985 1842 2078 1898 die
2131 1842 2231 1897 der
2282 1843 2436 1898 Rode
2489 1843 2651 1898 ihren

1527 1914 1729 1968 Werth
1764 1885 1921 1982 gibt3
1951 1914 2416 1968 admirabiliorem
2441 1919 2472 1980 ς)
2500 1920 2586 1968 97.

1603 1990 1652 2040 6.
1689 1986 1844 2055 ipsae
1878 1953 1971 2038 die
2007 1983 2190 2053 Dinge
2234 1992 2308 2038 an
2355 1983 2506 2051 sich,
2559 1984 2649 2040 die

1529 2054 1846 2125 objectiven
1884 2053 2110 2124 Stiieke,
2159 2054 2252 2109 die
2285 2055 2349 2110 in
2383 2055 2664 2111 Betraoht

1529 2127 1818 2194 kommen·
1892 2127 2028 2196 quid
2089 2127 2236 2180 emim
2297 2126 2444 2181 denn
2505 2127 2652 2181 anch

1531 2198 1660 2281 das,
1713 2214 1830 2252 was
1875 2197 1996 2252 sioh
2039 2197 2237 2252 weiter
2281 2197 2416 2262 (iam
2453 2202 2484 2263 ς
2522 2201 2649 2267 111)

1529 2268 1591 2325 ιιι
1645 2241 1754 2325 ’der
1815 2267 2196 2325 rhetorischen
2252 2267 2490 2325 Theorie
2555 2285 2652 2325 an-

1531 2340 1811 2407 schlieset,
1845 2340 1920 2395 ist
1955 2341 2083 2395 sehr
2119 2340 2354 2410 einfaoh‚
2393 2342 2527 2396 aber
2555 2341 2658 2395 auf

1529 2412 1624 2468 die
1659 2382 1928 2469 tractatio
1964 2412 2186 2468 kommt
2221 2429 2280 2466 es
2316 2428 2404 2466 an.

1605 2491 1652 2539 7.
1689 2484 1836 2553 quod
1879 2484 2097 2554 quidem
2141 2484 2282 2538 mis
2324 2484 2399 2538 eit
2442 2482 2651 2553 wenig-

1531 2557 1682 2610 stens
1737 2554 1821 2609 als
1863 2553 2211 2609 Bestandteil
2264 2554 2364 2608 der
2416 2554 2652 2609 rhetori-

1529 2626 1700 2680 sohen
1741 2624 1912 2693 τέχνη
1921 2624 2082 2695 ,des
2126 2624 2512 2680 rhetorischen
2550 2624 2651 2695 Sy-

1531 2698 1729 2751 stema.
1793 2694 1884 2750 die
1921 2667 2268 2749 bekannten
2333 2695 2490 2750 Teile
2553 2695 2652 2749 der

1529 2765 1709 2821 Rede:
1775 2766 2089 2833 exordium,
2151 2765 2422 2835 nan-afim
2484 2782 2650 2836 argu·

1529 2836 1806 2893 mentatio
1853 2837 1957 2905 (als
2009 2836 2356 2891 confirmatio
2401 2837 2518 2892 und
2561 2854 2650 2892 re-

1529 2908 1776 2979 futatio),
1812 2907 2096 2978 peroratio
2134 2908 2204 2963 de
2242 2924 2318 2963 or.
2349 2910 2390 2977 1,
2424 2914 2543 2963 143.
2579 2909 2650 2979 ΙΙ,

1603 3056 1653 3107 8.
1691 3052 1942 3123 eriyatur
1985 3068 2114 3105 zum
2149 3050 2492 3105 Aufmerken
2527 3067 2651 3105 ver-

1529 3124 1758 3191 anlasst,
1795 3122 1950 3178 Brut
1973 3127 2094 3177 200.
2132 3139 2185 3191 p.
2227 3121 2350 3176 Sex.
2379 3121 2542 3176 Rosc.
2563 3127 2650 3177 60.

1529 3194 1702 3250 Acad.
1730 3166 1800 3261 ΙΙ,
1837 3198 1905 3247 10
1941 3210 2070 3247 cum
2105 3192 2189 3247 ita
2225 3196 2371 3247 esset
2407 3208 2650 3262 exorsus,

1531 3265 1604 3320 ad
1669 3263 2010 3321 audiendum
2075 3262 2292 3318 animos
2359 3263 2652 3318 ereximus.

1529 3336 1631 3391 Ale
1685 3335 1996 3391 dreifaches
2043 3334 2163 3391 Ziel
2216 3334 2314 3389 des
2363 3334 2654 3389 exordium

1533 3407 1762 3463 stellten
1813 3405 1908 3461 die
1949 3406 2235 3461 Rhetoren
2287 3404 2654 3460 bekanntlich

1531 3478 1654 3534 auf.
1690 3479 1758 3532 ut
1783 3475 2098 3533 auditorem
2124 3475 2301 3531 faciat
2326 3476 2652 3545 benevolum,

1530 3554 1811 3617 attentiora,
1857 3548 2082 3603 docilem
2117 3546 2188 3601 de
2221 3546 2336 3601 inv.
2372 3546 2416 3613 Ι,
2454 3551 2540 3601 20.
2578 3546 2651 3601 ad

1530 3620 1660 3677 Her.
1698 3621 1740 3690 Ι,
1780 3627 1830 3675 6.
1867 3618 2008 3688 Top.
2045 3624 2134 3673 97.
2170 3618 2321 3673 Part.
2363 3632 2442 3673 or.
2482 3624 2552 3673 28
2589 3620 2654 3672 ut

1531 3691 1729 3761 amice,
1775 3692 1846 3745 ut
1875 3636 2286 3758 intellegenter,
2331 3689 2400 3743 ut
2433 3690 2652 3744 attente
2673 3699 2687 3713 ·

1526 3762 1842 3818 audiamur.

1603 3840 1653 3888 9.
1689 3849 1804 3888 rem
1839 3832 1944 3887 etc.
1983 3831 2054 3885 de
2088 3830 2283 3900 inv.1‚
2321 3836 2390 3885 28
2429 3832 2654 3902 oportet

1530 3904 1739 4030 iffi.
1757 3918 1900 4041 ⁰322,
1939 3904 2036 4028 <333
2067 3904 2654 4043 323?me

1532 4048 1598 4102 nt
1631 4044 1940 4116 probabilis
1979 4044 2068 4100 sit.
2109 4044 2296 4111 Quint.
2334 4045 2429 4113 IV,
2458 4050 2508 4113 2,
2538 4050 2624 4099 31.

1605 4124 1690 4172 10.
1725 4132 1832 4172 ewa
1866 4131 1968 4171 con
2224 4120 2310 4171 50.
2359 4116 2430 4170 de
2467 4130 2546 4170 or.
2584 4115 2654 4185 11,

1534 4194 1635 4244 331
1684 4188 1808 4262 tum
1862 4187 2214 4258 suggerenda
2277 4188 2407 4241 sunt
2467 4186 2654 4241 firma-

1532 4261 1724 4315 menta
1769 4274 1968 4315 causae
2023 4260 2082 4314 et
2123 4256 2472 4313 infirmandis
2526 4273 2655 4312 con-

1531 4330 1720 4385 trariis
1765 4330 1824 4385 et
1876 4329 1992 4384 tuis
2038 4327 2446 4384 confirmandis.
2499 4327 2654 4381 Part.

1535 4418 1614 4457 or.
1637 4406 1766 4469 1223
1803 4405 2032 4457 evertere
2067 4400 2137 4455 de
2174 4414 2254 4455 or..
2279 4400 2469 4468 II‚161
2500 4398 2657 4466 (Car-
