2949 4647
1016 118 1315 176 ORATOR
1350 97 1436 178 392
1479 125 1778 179 135—136.
2492 121 2532 186 9

218 289 477 354 verbum
524 307 646 352 non
692 289 899 352 eadem
944 291 1243 352 sententia
1286 291 1560 371 ponitur,
1605 297 1709 352 aut
1745 308 1883 350 cum
1920 288 2194 364 similiter
2229 291 2322 352 vel
2359 291 2582 354 cadunt

220 380 406 442 verba
452 379 549 440 vel
592 379 901 461 desinunt,
964 386 1069 441 aut
1112 396 1252 440 cum
1298 386 1443 440 sunt
1486 380 1804 441 contrariis
1847 377 2033 440 relata
2089 382 2412 461 contraria,
2476 387 2583 442 aut

222 489 363 532 cum
410 467 701 549 gradatim
756 487 997 530 sursum
1043 485 1283 529 versum
1344 467 1604 549 reditur3
1669 475 1770 530 aut
1826 485 1962 528 cum
2009 468 2266 550 demptis
2331 471 2578 531 coniun-

218 557 529 622 ctionibus
572 557 859 620 dissolute
906 557 1079 638 plura
1123 556 1433 638 dicuntur,
1498 565 1602 618 aut
1654 574 1792 618 cum
1838 556 2060 636 aliquid
2104 565 2578 639 praetereunteS‚

168 659 195 698 ⁵
224 667 339 712 cur
393 647 456 708 id
522 647 806 710 faciamus
870 646 1240 709 ostendimus
1246 693 1267 728 ,
1332 653 1435 707 aut
1499 663 1636 708 cum
1699 647 2056 725 corrigimus
2117 655 2354 708 nosmet
2415 649 2580 728 ipsos

224 739 401 818 quasi
437 737 969 818 reprehendenteS,
1012 744 1117 798 aut
1160 737 1213 796 si
1259 742 1353 796 est
1396 733 1594 814 aliqua
1641 735 1984 797 exclamatio
2031 735 2124 796 vel
2169 734 2578 797 admirationis

222 827 321 888 vel
366 828 846 908 conquestioniS,
906 832 1009 887 aut
1063 841 1203 888 cum
1256 823 1530 886 eiusdem
1582 826 1842 886 nominis
1895 843 2070 886 casus
2125 826 2363 904 saepius
2419 842 2577 886 com-

224 924 557 978 mutantur.
2400 988 2406 994 ¹

410 1003 529 1067 Sed
576 1005 1009 1066 sententiarum
1054 1009 1401 1064 ornamenta
1456 1003 1682 1064 maiora
1735 1010 1899 1084 sunt3
1964 1002 2182 1082 quibus
2237 1004 2378 1083 quia
2433 1001 2548 1063 fre·
2581 1009 2684 1060 136

146 1103 199 1143 1⁰
228 1094 621 1174 quentissime
668 1092 1098 1154 Demosthenes
1144 1094 1362 1172 utitur,
1417 1099 1559 1154 sunt
1603 1093 1709 1171 qui
1753 1099 1967 1171 putent
2011 1091 2238 1153 idcirco
2285 1094 2413 1154 eius
2461 1090 2579 1152 elo·

227 1185 537 1262 quentiam
590 1185 841 1244 maxime
899 1200 1031 1243 esse
1089 1179 1457 1244 laudabilem.
1569 1179 1646 1242 Et
1707 1198 1848 1242 vero
1914 1179 2114 1243 nullus
2178 1180 2303 1243 fere
2367 1179 2441 1241 ab
2506 1198 2580 1242 eo

226 1335 460 1392 stinotio
508 1337 569 1390 et
614 1335 918 1390 revocatio‘
970 1335 1044 1390 ad
1079 1334 1208 1390 Her.
1252 1334 1349 1400 IV,
1457 1340 1554 1403 41,
1598 1334 1708 1390 wie
1743 1334 1844 1389 das
1880 1335 2164 1390 bekannte
2213 1333 2359 1390 abiit
2395 1346 2584 1388 exose·-

224 1413 324 1474 20,
372 1409 433 1476 8)
476 1408 755 1462 traductio
790 1425 835 1459 Ζ.
873 1407 939 1460 Β.
977 1423 1106 1461 eum
1148 1408 1216 1461 tu
1248 1407 1349 1463 ho·
1458 1405 1551 1474 sit,
1589 1404 1773 1462 evasit
1807 1405 2010 1477 erupit.

224 1479 439 1534 minem
458 1477 729 1548 appellas,
765 1477 865 1546 qui
883 1476 933 1532 si
950 1477 1152 1532 fuisset
1162 1477 1350 1546 homo,
1531 1477 1746 1546 aliqu-‘d
1781 1479 1887 1534 etc.
1930 1480 2018 1547 14)
2047 1477 2140 1534 die
2165 1476 2460 1534 occultatio
2485 1475 2580 1544 (de

222 1566 539 1620 numquam
582 1551 703 1604 tam
758 1547 1063 1604 crudeliter
1108 1547 1349 1605 hominis
1458 1564 1537 1602 or.
1565 1547 1661 1614 111,
1683 1553 1786 1603 207
1815 1548 2122 1606 declinatio
2135 1547 2447 1620 genennt),
2449 1562 2581 1600 cum

224 1619 687 1747 Ὓωὲἕὲῗίἒ
730 1692 938 1746 ...Μ
998 1694 1069 1746 aa
1134 1693 1187 1759 9)
1249 1690 1351 1745 ι..
1457 1589 2582 1773 iiiffiflssaiffliiffiztsssssssffl

223 1759 615 1834 ὁμοιόπτωτα
651 1763 921 1828 ,similiter
956 1763 1157 1818 eadem
1192 1777 1349 1816 exor-
1454 1761 1609 1818 xime
1643 1761 1908 1826 dicimus,
1953 1763 2063 1818 hoo
2097 1763 2292 1818 modo:
2341 1777 2475 1825 nam
2508 1759 2584 1814 de

221 1835 385 1892 natio
441 1833 787 1916 appellatur,
850 1850 1010 1888 oum
1031 1832 1093 1888 in
1152 1832 1353 1888 eedem
1454 1832 1702 1916 pueritie
1728 1833 1958 1903 quidem
1983 1835 2102 1902 tua,
2137 1849 2310 1902 quam
2334 1835 2400 1889 tu
2427 1829 2584 1887 o'mni

222 1907 643 1964 constructione
706 1905 1002 1960 verborum
1065 1904 1177 1960 duo
1250 1905 1352 1958 aut
1454 1903 1924 1986 intemperantiae
1977 1904 2265 1972 addixisti,
2321 1903 2584 1968 dicerem,

222 1978 393 2048 plura
438 1977 573 2030 sunt
624 1975 816 2044 verba,
880 1991 1025 2045 quae
1090 1973 1353 2030 similiter
1458 1974 1508 2028 si
1561 1975 1672 2031 hoc
1719 1977 1942 2044 tempus
1992 1945 2265 2031 idoneum,
2305 1977 2583 2046 putarem,

224 2049 443 2104 eisdem
460 2047 685 2102 casibus
704 2045 1009 2102 efferuntur
1025 2047 1135 2102 hoc
1155 2046 1349 2102 modos
1457 2063 1606 2100 nunc
1633 2047 1888 2102 consulto
1920 2046 2196 2114 relinquo‘
2233 2046 2306 2100 ad
2331 2045 2463 2101 Her.
2487 2043 2584 2112 IV,

222 2118 515 2175 hominem
549 2118 777 2173 laudem
812 2120 1073 2201 egentem
1108 2116 1351 2185 virtutis,
1458 2123 1546 2172 37.
1583 2117 1866 2186 p.1ffll.·§
1905 2122 1971 2172 72
1991 2117 2050 2171 ff.

223 2190 613 2247 abundantem
674 2188 1026 2244 felicitafisi‘
1092 2187 1167 2242 ad
1219 2187 1349 2244 Hor.
1533 2193 1582 2244 5.
1645 2190 1972 2272 corripimus
2030 2192 2118 2274 15)
2165 2189 2258 2244 die
2311 2188 2586 2244 correctio

224 2262 323 2331 IV,
362 2266 451 2318 28.
1460 2262 1862 2332 (reprehensio)
1886 2255 2280 2332 ἐπανόρθωσις
2304 2254 2582 2332 (ἐπιτίμη-

296 2303 350 2389 2⁹.
388 2334 653 2388 desimam
700 2333 787 2401 10)
837 2332 940 2388 das
994 2325 1352 2403 ὁμοιοτέλευ-
1461 2334 1570 2401 occ)
1608 2350 1769 2402 ‚quae
1805 2332 1964 2389 tollit
1988 2334 2051 2390 id
2077 2333 2229 2402 quod
2257 2332 2471 2388 dietum
2497 2334 2587 2389 est

222 2424 343 2475 τον,
378 2404 634 2460 similiter
667 2404 919 2459 deamata
954 2405 1065 2472 est,
1102 2420 1229 2458 cum
1264 2405 1351 2458 ta-
1460 2406 1521 2459 et
1553 2421 1656 2473 pro
1695 2420 1760 2459 eo
1796 2404 1858 2459 id
1894 2405 2046 2489 quod
2090 2403 2274 2475 magis
2317 2404 2584 2461 idoneum

220 2448 399 2532 metsi
454 2490 615 2531 casus
659 2491 773 2529 non
814 2474 1009 2529 insunt
1049 2446 1113 2529 in
1146 2474 1354 2542 verbis,
1459 2474 1684 2530 videtur
1717 2493 1779 2531 re
1853 2475 1958 2546 nit,
1993 2478 2104 2533 hoc
2140 2477 2336 2546 pacto.
2383 2474 2588 2544 quodsi

222 2550 423 2603 tamen
486 2545 695 2600 similes
758 2545 941 2600 exitus
1014 2548 1171 2614 sunt,
1242 2545 1351 2599 hoe
1458 2545 1570 2600 iste
1607 2562 1738 2603 suos
1779 2493 2031 2615 {gapites
2075 2547 2358 2617 rogasset,
2410 2545 2588 2601 immo

222 2620 426 2701 pacto.
412 2638 425 2653 ·
480 2614 735 2698 turpiter
764 2616 939 2671 audes
989 2616 1203 2683 facere,
1253 2631 1350 2670 ne·
1456 2616 1732 2673 innuisset
1775 2616 1975 2687 modo,
2023 2618 2190 2673 facile
2239 2617 2350 2671 hoc
2393 2616 2588 2685 perfici

224 2689 419 2760 quiter
455 2687 645 2743 studes
678 2686 865 2742 dicere
902 2688 977 2741 sd
1011 2686 1217 2741 Her-‚L
1254 2686 1293 2743 1.
1456 2689 1667 2757 posset‘
1705 2688 1782 2743 ad
1815 2687 1944 2743 Her.
1983 2688 2080 2756 I,V
2117 2696 2212 2744 36.

300 2758 721 2815 muudi-sete
744 2763 845 2813 175
888 2761 975 2827 11)
1004 2758 1103 2812 das
1116 2751 1350 2811 cinaeo-
1532 2764 1586 2813 6.
1642 2761 1731 2828 16)
1777 2760 2102 2815 eoeclamatio
2149 2752 2586 2827 (ἐπεισφῶνησις)

222 2848 331 2886 τον
366 2830 707 2885 contrwm'um
746 2829 841 2897 (ad
875 2828 1006 2883 Her.
1037 2828 1133 2898 IV,
1157 2834 1241 2897 18,
1260 2832 1351 2897 25)
1460 2832 1572 2899 est,
1638 2846 1782 2899 quse
1837 2830 2062 2887 conficit
2116 2828 2586 2914 significationem

224 2902 333 2957 das
373 2900 565 2955 umffin
638 2900 795 2954 eiche
832 2899 1037 2957 Gebiet
1079 2900 1179 2955 der
1228 2916 1352 2954 ora.-
1459 2900 1668 2957 doloris
1723 2903 1824 2957 aut
1877 2900 2283 2971 indignationis
2347 2899 2586 2955 alieuius

221 2972 516 3027 torischen
610 2970 895 3026 ntithesen
944 2989 991 3027 Ζ.
1028 2971 1092 3027 Β.
1137 2989 1192 3041 Ρ.
1229 2970 1351 3026 Mil.
1462 2988 1565 3041 per
1601 2971 1843 3027 hominis
1879 2975 1981 3028 aut
2014 2974 2168 3029 urbis
2201 2974 2305 3028 aut
2338 2970 2450 3027 loci
2487 2973 2590 3029 aut

218 3060 273 3169 f.
317 3048 477 3169 ἡδέ)
513 3044 603 3096 est
634 3058 749 3097 non
786 3042 1003 3111 scripta
1011 3082 1029 3110 ,
1082 3043 1181 3099 sed
1215 3044 1357 3098 nata
1462 3043 1548 3097 rei
1556 3043 1895 3181 lffiiugpiao}
1933 3044 2425 3171 compellatipltliaeznttli
2451 3062 2498 3169 ἵ).
2520 3043 2586 3098 Β.

246 3130 324 3169 ex
452 3155 465 3167 .
1616 3132 1637 3168 1
1925 3133 1958 3171 o
2033 3132 2214 3171 errem
2497 3130 2590 3169 es.-

304 3190 354 3238 3.
391 3184 673 3253 gradatim
710 3186 798 3253 12)
834 3184 927 3239 die
943 3185 1205 3254 yradatio
1221 3185 1357 3241 oder
1461 3132 1609 3254 gam,
1663 3202 1809 3255 qnae
1852 3185 2002 3243 hunc
2055 3188 2239 3243 virum
2289 3185 2590 3269 exceperit,

220 3256 451 3325 κλῖμωξ,
496 3254 556 3308 in
592 3270 707 3323 qua.
739 3272 853 3309 non
886 3259 1017 3311 ante
1054 3256 1129 3309 ad
1164 3271 1357 3311 conse·
1462 3256 1610 3311 hano
1636 3256 1934 3339 ingratam,
1973 3259 2022 3313 si
2049 3258 2293 3332 eiecerit,
2322 3256 2589 3313 misera-m

223 3343 409 3397 quens
466 3326 702 3381 verbum
748 3325 1125 3394 descenditur,
1181 3342 1355 3395 qnam
1464 3327 1514 3381 si
1576 3327 1852 3397 amiserit3
1919 3329 2053 3393 oder
2107 3346 2140 3384 o
2203 3300 2488 3399 tempora,
2553 3344 2590 3383 o

224 3397 308 3453 ad
369 3414 433 3451 su
476 3396 622 3451 erius
685 3410 1048 3450 conscensum
1112 3399 1197 3452 est
1261 3398 1356 3466 (ad
1464 3414 1668 3453 mores.

222 3468 627 3538 Her.1,34)
684 3469 852 3535 etque
903 3467 989 3521 its,
1030 3467 1189 3522 velut
1225 3485 1355 3539 gra-
1537 3476 1606 3526 7.
1633 3484 1758 3524 cum
1793 3471 2032 3526 eiusdem
2067 3474 2171 3527 etc.
2221 3472 2323 3526 das
2361 3474 2450 3539 17)
2486 3488 2588 3525 πο-

138 3545 155 3557 ·
224 3539 399 3594 dibus
438 3511 773 3607 quibusdam
810 3538 1121 3592 conectitur
1157 3540 1355 3607 oratio,
1461 3535 1753 3595 λόπιωτον
1797 3560 1845 3597 Ζ.
1883 3542 1945 3596 Β.
1993 3545 2220 3597 senatus
2255 3541 2446 3608 iussit,
2503 3558 2588 3596 se-

223 3609 339 3665 wie
374 3627 430 3679 p.
438 3556 589 3663 inl.
617 3614 649 3675 ὅ
678 3614 743 3663 61
782 3624 964 3677 neque
998 3625 1134 3664 vero
1170 3626 1230 3665 se
1256 3626 1355 3679 po·
1460 3612 1625 3667 natui
1659 3612 1901 3681 placuit,
1947 3616 2204 3668 senatum
2251 3615 2466 3668 eertum
2501 3615 2590 3668 est

223 3682 367 3763 pulo
395 3680 596 3749 solum,
633 3679 734 3734 sed
761 3678 935 3733 etism
963 3679 1185 3735 senatui
1204 3696 1354 3736 eom·
1462 3683 1843 3753 praecepisse,
1891 3700 1928 3737 a
1963 3687 2162 3739 senatu
2197 3684 2449 3739 delectus
2486 3686 2589 3739 est.

224 3752 413 3816 misit,
488 3766 669 3819 neque
733 3749 954 3805 senatui
1023 3751 1192 3806 modo
1254 3752 1355 3806 sed
1538 3758 1588 3807 9.
1625 3755 1826 3823 quibus
1862 3757 1968 3810 ete.
2004 3756 2161 3811 Brut.
2202 3762 2306 3811 140
2329 3756 2369 3810 f.
2405 3755 2587 3837 multo

226 3823 410 3878 etiam
445 3822 689 3891 publicis
723 3820 1021 3890 praesidiis
1065 3824 1125 3877 et
1166 3822 1359 3891 armis,
1464 3824 1648 3892 magis
1694 3826 1802 3880 hoc
1845 3826 1998 3881 idem
2045 3829 2142 3897 (sc.
2178 3826 2594 3895 Antonius)in

225 3909 415 3963 neque
452 3893 541 3947 his
576 3893 825 3961 tsntmm,
882 3893 982 3946 sed
1028 3892 1200 3947 etiam
1238 3892 1359 3947 eius
1467 3896 1872 3952 sententiarum
1900 3898 2246 3953 ornamentis
2283 3901 2354 3980 et·
2369 3898 2585 3954 confor-

225 3962 526 4035 potestati,
580 3962 673 4019 eui
729 3964 955 4017 senatus
1003 3964 1187 4018 totam
1238 3980 1359 4018 rem
1467 3964 1838 4031 mationibus,
1879 3986 1990 4037 quo
2020 3986 2224 4039 genere
2261 3968 2396 4038 quia
2429 3986 2591 4039 prae-

226 4036 525 4105 publicam
562 4034 932 4089 commiserat.
970 4034 1097 4104 Vgl.
1136 4035 1190 4091 d.
1226 4034 1356 4089 krit.
1467 4038 1586 4091 stat
1622 4036 1878 4093 omnibus
1913 4040 2337 4110 Demosthenes,
2381 4040 2591 4095 idcirco

232 4107 383 4161 Anh.
1470 4123 1508 4161 u.
1543 4107 1724 4163 doctis
1763 4112 2046 4165 oratorum
2091 4114 2180 4167 est
2214 4111 2471 4181 princeps
2507 4111 2592 4166 iu·

302 4184 355 4234 4.
414 4170 675 4231 dissolute
715 4170 1075 4261 ἀσυνδέτους,
1132 4176 1222 4244 13)
1258 4176 1361 4230 das
1469 4177 1708 4234 dicatus.

230 4248 563 4303 dissolutum
598 4241 982 4330 (ἀσύνδετον),
1030 4248 1183 4315 quod
1228 4263 1361 4302 oon-
1544 4255 1627 4306 11.
1681 4254 1734 4304 et
1785 4266 1909 4306 vero
1965 4252 2099 4322 ,und
2152 4253 2213 4308 in
2268 4254 2369 4309 der
2404 4254 2590 4311 That‘.

227 4318 615 4375 iunctionibus
651 4334 684 4373 e
717 4317 905 4373 medio
932 4290 1171 4373 sublatis
1196 4335 1331 4387 seps
1468 4319 1581 4375 Cic.
1630 4321 1768 4376 heht
1803 4295 1980 4377 diese
1995 4323 2314 4380 Thatsache
2351 4320 2590 4380 deshalb

228 4390 369 4445 ratis
406 4388 663 4459 partibus
711 4388 941 4444 effertur
984 4390 1058 4445 ad
1092 4389 1222 4446 Her.
1262 4389 1357 4460 IV,
1466 4407 1527 4446 so
1577 4392 2017 4449 nachdrflcklich
2071 4394 2302 4465 hei-vor,
2351 4414 2448 4451 um
2502 4396 2594 4451 die

2095 4482 2168 4537 7*
