2949 4647
368 133 492 196 138
1164 130 1464 186 ORATOR
1502 136 1586 188 61.
1626 135 1930 186 zoe-208.

361 307 424 360 et
468 317 586 379 quo
634 299 837 380 modo,
891 316 966 358 an
1013 299 1253 358 omnino
1301 297 1461 358 nulla
1508 299 1587 358 sit
1629 298 1693 358 in
1740 314 1811 358 eo
1857 315 2076 376 genere
2124 297 2456 378 distincti03
2520 297 2707 376 quod-

363 406 479 467 que
526 387 598 448 ad
643 405 774 448 rem
832 389 1084 448 maxime
1144 388 1424 467 pertinet,
1488 404 1606 465 qua
1670 388 1899 446 ratione
1964 403 2282 446 numerosa
2340 387 2441 446 fiat
2500 389 2709 447 oratio.

251 488 358 540 206
387 475 815 556 Explicandum
861 477 1038 537 etiam
1084 484 1193 557 est,
1239 474 1396 536 unde
1445 483 1575 536 orta
1623 476 1701 535 sit
1746 474 1935 535 forma
1979 473 2317 555 verborum,
2362 474 2709 535 dicendum-

285 639 298 648 ·
363 584 505 645 que,
564 573 816 644 quantos
871 567 1160 626 circuitus
1215 565 1412 624 facere
1468 563 1701 644 deceat,
1766 563 1959 642 deque
2022 582 2231 624 eorum
2285 563 2595 645 particulis
2648 572 2713 625 et

361 663 659 732 tamquam
704 652 1095 738 incisionibus
1142 652 1555 714 disserendum
1602 661 1695 713 est
1740 652 2292 734 quaerendumque,
2335 661 2541 713 utrum
2586 671 2709 713 una
2737 663 2765 704 ⁵

361 744 592 821 species
638 751 699 804 et
743 743 1048 822 longitudo
1097 743 1176 802 sit
1219 759 1424 804 earum
1471 759 1625 802 anne
1670 741 1875 821 plures
1921 749 1998 823 et,
2044 744 2095 801 si
2139 741 2361 822 plures,
2408 759 2525 820 quo
2573 741 2709 802 loco

361 839 462 891 aut
509 832 742 910 quando
790 849 1028 910 quoque
1073 848 1292 910 genere
1341 833 1430 892 uti
1476 837 1765 910 oporteat.
1865 829 2175 890 Postremo
2231 832 2417 890 totius
2466 833 2711 908 generis

360 919 584 980 utilitas
641 919 985 1001 explicanda
1041 927 1158 1000 est,
1222 937 1374 998 quae
1429 919 1672 998 quidem
1738 926 1901 998 patet
1955 918 2157 999 latius3
2221 937 2342 978 non
2398 918 2469 978 ad
2526 936 2711 979 unam

357 1011 516 1070 enim
563 1027 692 1069 rem
738 1009 1014 1092 aliquam,
1061 1009 1163 1070 sed
1213 1008 1285 1069 ad
1330 1007 1536 1088 plures
1582 1007 2079 1084 accommodatur.

249 1109 356 1158 207
536 1097 620 1157 Ac
665 1097 806 1159 licet
851 1116 971 1158 non
1018 1098 1090 1159 ad
1135 1097 1388 1177 singula.
1411 1096 1874 1178 respondentem
1919 1095 1992 1156 de
2030 1097 2311 1157 universo
2346 1113 2567 1175 genere
2616 1097 2707 1158 sic
2737 1109 2789 1148 1⁰

359 1187 584 1267 dicere,
638 1195 706 1247 ut
753 1189 930 1247 etiam
975 1185 1224 1266 singulis
1269 1187 1414 1246 satis
1462 1203 1817 1265 responsum
1863 1203 1996 1246 esse
2054 1183 2337 1245 videatur.
2437 1184 2711 1245 Remotis

355 1276 538 1354 igitur
584 1275 830 1354 reliquis
875 1274 1196 1354 generibus
1241 1293 1430 1336 unum
1478 1274 1795 1353 selegimus
1838 1272 1971 1355 hoc,
2018 1273 2177 1352 quod
2213 1275 2277 1334 in
2314 1276 2510 1334 causis
2548 1273 2709 1334 foro·

357 1382 473 1443 que
520 1373 810 1446 versatur,
857 1363 928 1424 de
976 1381 1094 1442 quo
1143 1364 1496 1425 diceremus.
1596 1362 1754 1442 Ergo
1801 1364 1861 1423 in
1910 1362 2058 1443 aliis,
2102 1362 2162 1422 id
2211 1369 2303 1423 est
2346 1364 2410 1422 in
2456 1363 2709 1423 historia

358 1460 442 1524 et,
464 1454 526 1512 in
573 1471 644 1512 eo
691 1453 850 1531 quod
897 1451 1262 1532 appellamus
1299 1443 1763 1532 ἐπιδεικτικόν,
1808 1450 2001 1531 placet
2038 1453 2234 1511 omnia
2260 1451 2380 1511 dici
2404 1450 2709 1512 Isocrateo

357 1541 896 1621 Theopompeoque
941 1559 1108 1601 more
1154 1541 1251 1602 illa
1298 1542 1851 1620 circumscriptione
1889 1538 2253 1621 ambituque,
2298 1548 2367 1601 ut
2404 1548 2711 1618 tamquam
2738 1552 2791 1593 1⁵

357 1632 428 1690 in.
467 1628 611 1690 orbe
658 1630 886 1690 inclusa
933 1638 1137 1691 currat
1183 1632 1399 1710 oratio,
1457 1627 1651 1708 quoad
1705 1630 1944 1690 insistat
1995 1630 2055 1688 in
2114 1628 2365 1707 singulis
2417 1629 2709 1708 perfectis

249 1729 354 1779 208
387 1717 790 1797 absolutisque
835 1720 1169 1779 sententiis
1259 1717 1464 1797 Itaque
1510 1726 1896 1798 posteaquam
1941 1725 2035 1778 est
2078 1725 2214 1779 nata
2258 1717 2405 1779 haec
2450 1717 2545 1778 vel
2592 1721 2709 1780 cir·

358 1809 743 1887 cumscriptio
797 1806 889 1867 vel
946 1807 1398 1888 comprehensio
1453 1806 1547 1868 vel
1602 1807 1967 1867 continuatio
2021 1805 2115 1866 vel
2170 1805 2454 1887 ambitus,
2518 1809 2572 1866 si
2626 1809 2709 1868 ita

356 1896 498 1957 licet
543 1896 759 1978 dicere,
806 1914 999 1978 nemo,
1047 1898 1149 1975 qui
1195 1896 1391 1975 aliquo
1439 1904 1599 1956 esset
1644 1897 1706 1955 in
1754 1912 2033 1976 numero,
2088 1896 2329 1974 scripsit
2374 1898 2711 1958 orationem

357 1987 592 2064 generis
640 1987 768 2046 eius
819 1985 976 2065 quod
1021 1994 1182 2046 esset
1227 1984 1299 2045 ad
1345 1985 1800 2046 delectationem
1846 1992 2249 2063 comparatum
2287 1991 2709 2064 remotumque
2738 1998 2791 2037 2⁰

357 2093 391 2134 a
453 2073 690 2135 iudiciis
754 2075 1098 2153 forensique
1163 2076 1515 2156 certamine,
1590 2074 1735 2152 quin
1809 2072 2108 2152 redigeret
2178 2091 2387 2134 omnes
2450 2074 2579 2134 fere
2642 2076 2709 2135 in

360 2162 651 2242 quadrum
697 2181 1135 2243 numerumque
1183 2155 1525 2224 sententias.
1616 2162 1763 2222 Nam
1819 2180 1957 2223 cum
2008 2163 2063 2222 is
2118 2169 2211 2223 est
2268 2161 2538 2244 auditor,
2600 2165 2709 2242 qui

357 2270 478 2311 non
522 2258 802 2312 vereatur
847 2270 921 2312 ne
971 2254 1330 2332 compositae
1379 2253 1666 2312 orationis
1711 2250 1943 2312 insidiis
1990 2269 2095 2311 sua
2122 2250 2270 2311 fides
2298 2258 2708 2335 attemptetur,

356 2342 602 2419 gratiam
651 2359 888 2420 quoque
944 2340 1123 2402 hahet
1179 2343 1400 2402 oratori
1455 2341 1740 2419 voluptati
1794 2341 2029 2401 aurium
2092 2342 2391 2402 servienti.
2502 2340 2707 2403 Genus

353 2437 556 2490 autem
600 2428 714 2489 hoc
760 2432 1043 2493 orationis
1091 2447 1285 2508 neque
1343 2437 1537 2491 totum
1590 2428 2020 2490 adsumendum
2076 2437 2168 2491 est
2223 2428 2295 2489 ad
2350 2448 2561 2491 causas
2618 2431 2705 2490 fo·
2735 2443 2789 2484 2⁵

2311 2550 2346 2573 ‘s

355 2618 536 2687 ribns3
582 2635 656 2688 qu
1654 2625 1737 2674 16.
1775 2618 1839 2672 in
1874 2617 2003 2672 orbe
2030 2624 2150 2672 149.
2188 2617 2419 2688 Dionys.
2448 2619 2519 2673 de
2532 2619 2704 2675 Isocr.

355 2689 568 2744 mische
614 2687 842 2750 Glieder
890 2706 1089 2773 passen
1136 2707 1229 2745 am
1275 2690 1472 2745 besten
1582 2696 1633 2757 2,
1668 2695 1733 2744 15
1771 2684 2018 2759 περιόδῳ
2053 2708 2116 2743 τε
2152 2689 2254 2744 καὶ
2288 2686 2511 2761 κύκλῳ
2548 2708 2706 2759 περι·
2732 2700 2745 2715 “

352 2776 676 2815 zusammen
713 2761 849 2816 oder
893 2764 972 2816 ist.
1012 2762 1072 2817 in
1117 2760 1302 2817 dieser
1336 2761 1472 2816 Hin-
1579 2755 1891 2831 λαμβοίνειν
1963 2755 2033 2813 τὰ
2106 2756 2366 2830 νοήματα
2436 2762 2710 2830 πειρᾶται

354 2831 502 2886 sicht
535 2831 667 2885 kein
703 2832 1106 2887 Unterschied‘?
1580 2828 2011 2901 ἆυθμοειδεῖ
2064 2827 2219 2885 πάνυ
2278 2831 2379 2885 καὶ
2440 2827 2510 2887 οὖ
2557 2829 2705 2889 πολὺ

407 2908 475 2955 ,2.
521 2918 632 2970 qua
685 2904 904 2957 ratione
948 2907 1052 2959 etc.
1106 2902 1210 2958 wie
1258 2903 1470 2973 eigentf
1580 2898 1850 2972 ἀπέχοντι
1884 2900 1986 2955 τοῦ
2022 2902 2319 2971 ποιητικοῦ
2356 2900 2581 2973 μέτρου.

353 2971 467 3026 lieh
505 2972 604 3029 det
628 2973 1009 3041 rhythmische
1037 2974 1347 3030 Charakter
1374 2974 1474 3028 der
1650 2973 1877 3028 insistat
1922 2978 2041 3028 170.
2098 2974 2362 3042 perfecti-3
2411 2980 2531 3029 168.
2584 2980 2705 3033 178.

353 3042 507 3097 Rede
542 3042 982 3114 bewerkstelligt
1017 3045 1172 3100 wird.
1582 3046 1653 3101 de
1690 3062 1768 3099 or.
1807 3045 1902 3113 III,
1930 3049 2030 3098 192
2067 3042 2128 3097 in
2164 3044 2243 3098 eis
2282 3046 2378 3113 (sc.
2418 3045 2707 3115 clausulis)

657 2633 823 2688 aeque
859 2620 962 2675 etc.
1000 2635 1118 2675 was
1153 2618 1244 2673 fiir
1276 2619 1470 2689 rhyth-

427 3119 476 3167 3.
513 3114 694 3178 forma
719 3116 1004 3170 verborum
1033 3116 1123 3170 die
1138 3114 1477 3187 Gestaltung

357 3184 457 3239 der
490 3184 714 3252 Worte,
761 3186 946 3241 sofern
985 3186 1066 3241 sie
1104 3185 1204 3241 der
1237 3186 1472 3243 Concin-

353 3256 504 3311 uitat
540 3254 696 3311 dicut.
731 3257 802 3311 de
839 3273 916 3312 or.
954 3257 1053 3326 111,
1095 3264 1212 3313 171.
1255 3265 1372 3313 173.

426 3332 476 3381 4.
515 3332 750 3397 quantos
785 3344 918 3383 vom
953 3328 1200 3400 Umfang
1238 3328 1337 3385 der
1370 3330 1472 3385 Pe-

351 3397 537 3453 riode.
573 3398 742 3468 (etwa
789 3398 889 3453 der
941 3401 1134 3470 Lange
1185 3416 1297 3456 von
1352 3400 1476 3455 vier

351 3469 600 3525 Senaren
643 3470 833 3541 gleich
878 3469 1066 3537 Quint.
1101 3471 1199 3538 IX,
1236 3477 1290 3539 4,
1329 3474 1472 3541 125).

425 3546 476 3596 5.
511 3541 876 3596 incisionibus
922 3542 1014 3597 die
1049 3540 1310 3613 κόμματα
1349 3550 1470 3598 211.

429 3650 478 3716 1)
517 3652 548 3714 ἓ
586 3653 885 3703 207—220.

335 3816 352 3829 .
428 3759 511 3809 12.
547 3771 720 3809 umam
749 3755 849 3810 das
875 3771 1050 3825 genus
1087 3755 1350 3812 iudiciale
1387 3757 1471 3812 als

351 3824 454 3879 das
489 3823 831 3896 wichtigste3
901 3828 966 3881 in
1014 3829 1198 3883 causis
1245 3829 1337 3896 for
1405 3844 1473 3883 ue

349 3902 440 3965 69,
475 3895 536 3949 in
572 3895 1103 3965 privatreehtliehen
1138 3899 1256 3954 und
1280 3898 1340 3953 in
1401 3898 1473 3953 ri·

351 3966 838 4037 minalprocessen.

430 4043 513 4093 13.
552 4038 616 4091 in
651 4038 886 4093 historia
923 4045 1009 4107 3⁷,
1053 4040 1114 4095 in
1151 4041 1251 4095 der
1285 4040 1469 4097 rheto-

349 4108 696 4169 risierenden
786 4109 1470 4182 Geschichtsschreibnng‚

349 4179 443 4236 die
480 4180 565 4234 als
603 4180 792 4235 solche
830 4182 990 4236 mehr
1017 4200 1146 4237 zum
1171 4199 1346 4252 genus
1376 4183 1469 4238 de-

349 4250 781 4306 monstrativum
817 4251 1036 4321 gehort.

426 4326 510 4375 14.
558 4323 746 4377 omnia
791 4322 937 4377 ohne
972 4323 1326 4388 Ausnahme3
1374 4323 1472 4379 das

350 4391 428 4447 ist
463 4391 662 4447 andei-s
702 4392 850 4448 heim
888 4410 1064 4463 genus
1099 4392 1382 4449 iudiciale.

1583 3115 1827 3171 maxime
1874 3114 2147 3184 perfectio
2197 3118 2369 3185 atque
2420 3116 2704 3172 absolutio

1581 3186 1882 3242 iudicatur.

1653 3262 1739 3312 20.
1778 3262 2038 3311 remotum
2068 3259 2177 3312 etc.
2214 3262 2284 3312 37
2320 3273 2461 3326 quae
2499 3258 2707 3314 absunt

1582 3345 1619 3384 a
1651 3326 1860 3383 forensi
1896 3326 2273 3383 contentione.

1656 3406 1742 3454 21.
1786 3400 1852 3453 in
1895 3400 2171 3469 quadrum
2207 3403 2327 3453 197.
2364 3404 2471 3453 233
2516 3415 2708 3469 genau

1580 3470 1887 3535 abzirkeln,
1924 3470 2249 3555 dergestalt,
2288 3469 2417 3525 dass
2454 3470 2569 3524 alle
2584 3470 2703 3526 Sei-

1578 3544 1676 3597 ten
1728 3541 2098 3633 regelmassig
2160 3540 2281 3595 sich
2334 3542 2705 3610 entsprechen

1581 3607 1639 3682 (ἡ
1680 3611 1763 3675 εἰς
1797 3631 1979 3682 ονυχα
2025 3612 2347 3683 συμπηξις);
2410 3613 2475 3666 in
2517 3628 2704 3667 nme-

1578 3701 1704 3740 rum
1739 3683 1798 3738 in
1833 3683 2216 3754 rhythmische
2243 3684 2412 3737 Form
2447 3682 2701 3754 bringen.

1650 3761 1737 3809 23.
1798 3756 2123 3824 compositae
2186 3754 2364 3809 durch
2414 3754 2513 3808 das
2564 3754 2701 3809 Ver·

1578 3825 1921 3881 fflhrerische
1984 3826 2139 3881 einer
2196 3825 2305 3881 mit
2367 3824 2705 3881 besonderer

1580 3897 1766 3951 Kunst
1798 3897 1897 3952 der
1930 3897 2119 3951 Wort·
2155 3896 2272 3951 und
2302 3895 2700 3966 Satzstellung,

1580 3967 1687 4022 mit
1753 3968 2153 4023 absichtlicher
2208 3967 2583 4038 Berechnung
2643 3968 2703 4022 in

1579 4039 1894 4095 Wortwahl
1953 4039 2069 4094 und
2102 4038 2486 4109 Wortffigung
2528 4038 2705 4108 abge-

1578 4110 1791 4165 fassten
1834 4109 2015 4177 Rede3
2078 4126 2183 4167 sua
2226 4110 2363 4178 fides
2408 4112 2513 4164 etc.
2570 4109 2701 4165 dass

1580 4198 1713 4236 man
1748 4182 1807 4236 in
1854 4180 2042 4237 diesen
2081 4179 2385 4250 Schlingen
2434 4180 2534 4235 ihu
2583 4180 2703 4234 fan-

1579 4269 1691 4322 gen
1739 4251 1854 4307 und
1910 4252 2062 4307 seine
2109 4250 2705 4321 Gewissenhaffigkeit

1581 4322 1684 4377 anf
1714 4322 1805 4378 die
1840 4324 2022 4379 Probe
2058 4323 2262 4377 stellen
2296 4322 2431 4379 wil-l.

1653 4400 1740 4450 24.
1776 4394 2050 4464 voluptati
2086 4395 2307 4449 aurium
2347 4400 2467 4449 198.
