2949 4647
313 113 440 178 150
895 115 908 124 ·
1111 113 1412 170 ORATOR
1447 121 1533 170 w.
1571 121 1871 171 sse-235.

307 299 476 342 sume
533 281 605 342 de
661 279 913 340 Gracchi
975 281 1131 361 apud
1187 299 1468 342 censores
1530 281 1704 343 illud·
1766 282 1992 363 ,abesse
2048 300 2168 343 non
2200 291 2448 364 potest,
2508 286 2660 363 quin

305 369 574 431 eiusdem
636 368 893 429 hominis
959 371 1062 450 sit,
1133 369 1357 449 probos
1419 369 1785 474 improbare,
1858 374 1961 450 qui
2022 371 2327 451 improbos
2391 367 2657 453 probet‘3

307 466 530 538 quanto
577 459 788 538 aptiuS‚
835 460 885 518 si
929 459 1014 519 ita
1059 458 1336 520 dixisset·
1401 461 1567 540 ‚quin
1614 459 1881 520 eiusdem
1925 459 2182 520 hominis
2228 463 2331 542 sit,
2392 463 2499 540 qui
2543 464 2655 522 im-

304 545 526 627 probos
570 544 802 626 probet,
845 545 1066 626 probos
1111 547 1477 626 improbare.
1463 541 1509 592 ἰ
2586 573 2601 584 ·

199 652 306 702 234
481 634 609 695 Hoc
655 634 832 695 modo
877 634 1078 696 dicere
1123 653 1298 696 nemo
1345 654 1630 715 umquam
1674 636 1866 697 noluit
1911 655 2203 717 nemoque
2259 641 2457 719 potuit
2503 641 2653 718 quin
2678 655 2710 696 ⁵

306 725 546 805 dixerit3
592 727 696 803 qui
741 731 937 784 autem
983 724 1153 784 aliter
1199 724 1495 806 dixerunt,
1539 724 1654 785 hoc
1700 725 1945 804 adsequi
1990 744 2109 786 non
2156 735 2497 806 potuerunt.
2561 727 2655 788 Ita

305 814 446 874 facti
491 822 634 874 sunt
676 821 923 892 repente
970 812 1178 892 Attici,
1224 816 1393 892 quasi
1438 832 1579 874 vero
1608 813 1939 886 Trallianus
1974 816 2158 876 fuerit
2184 815 2651 877 Demosthenes!

304 905 476 963 cuius
523 920 643 962 non
689 910 810 962 tam
853 900 1158 962 vibrarent
1200 901 1448 962 fulmina
1492 901 1609 983 illa,
1653 905 1771 963 nisi
1814 905 2081 964 numeris
2118 913 2391 965 contorta
2417 904 2650 965 ferren-

203 995 284 1059 71
309 1001 422 1082 tur.
488 990 609 1051 Sed
654 992 707 1050 si
752 1008 902 1093 quos
947 992 1133 1068 magis
1181 990 1479 1051 delectant
1524 950 1731 1072 soluta,
1778 999 2104 1071 sequantur
2150 1011 2220 1053 ea
2265 1011 2423 1074 sane,
2470 993 2647 1053 modo

307 1074 412 1161 sic,
457 1086 527 1139 ut
573 1081 624 1139 si
672 1081 806 1158 quis
850 1078 1093 1139 Phidiae
1141 1078 1400 1158 clipeum
1445 1040 1806 1161 dissolverit,
1860 1080 2263 1142 collocationis
2308 1083 2651 1142 universam
2680 1101 2743 1141 ιο

307 1171 568 1248 speciem
615 1167 943 1248 sustulerit,
988 1186 1111 1228 non
1159 1167 1529 1247 singulorum
1574 1187 1821 1248 operum
1860 1177 2257 1251 venustatem3
2301 1178 2370 1231 ut
2394 1173 2459 1230 in
2486 1169 2649 1231 Thu—

201 1275 304 1326 235
333 1256 540 1338 cydide
587 1255 794 1317 orbem
842 1255 1018 1316 modo
1065 1258 1350 1317 orationis
1397 1257 1689 1338 desidero,
1736 1267 2080 1318 ornamenta
2124 1266 2488 1338 comparent.
2540 1258 2651 1320 Isti

307 1354 507 1408 autem
554 1363 693 1406 cum
737 1345 1070 1407 dissolvunt
1115 1347 1462 1427 orationem,
1506 1349 1569 1406 in
1616 1364 1731 1424 qua
1777 1365 1889 1407 nec
1917 1365 2014 1407 res
2042 1365 2153 1408 nec
2182 1347 2431 1408 verbum
2459 1347 2651 1408 ullum

306 1443 399 1496 est
443 1435 561 1495 nisi
607 1433 921 1515 abiectum,
967 1451 1088 1494 non
1135 1433 1410 1515 clipeum,
1457 1434 1581 1516 sed,
1624 1442 1694 1495 ut
1737 1437 1800 1494 in
1846 1435 2160 1515 proverbio
2206 1444 2299 1496 est
2345 1429 2491 1518 (etsi
2534 1436 2646 1497 hu—

306 1523 506 1584 milius
551 1522 779 1584 dictum
823 1531 936 1604 est,
990 1529 1190 1582 tamen
1237 1522 1426 1582 simile
1476 1517 1599 1606 est)
1654 1541 1864 1603 scopas
1910 1523 2054 1584 mihi
2106 1524 2383 1585 videntur
2436 1523 2647 1586 dissol÷
2679 1545 2733 1586 15

303 1631 462 1684 vere.
553 1611 747 1690 Atque
793 1619 862 1672 ut
905 1610 1080 1690 plane
1135 1627 1324 1690 genus
1379 1610 1520 1692 hoc,
1580 1612 1738 1690 quod
1794 1630 1903 1691 ego
1957 1611 2159 1694 laudo,
2219 1615 2649 1692 contempsisse

305 1702 634 1781 videantur,
680 1707 783 1760 aut
827 1698 1093 1759 scribant
1139 1699 1359 1778 aliquid
1405 1699 1499 1759 vel
1523 1699 1823 1760 Isocrateo
1862 1719 2029 1762 more
2056 1701 2148 1761 vel
2176 1719 2295 1780 quo
2323 1701 2649 1762 Aeschines

304 1797 408 1850 aut
434 1788 867 1849 Demosthenes
913 1789 1124 1868 utitur,
1169 1794 1298 1848 tum
1342 1787 1477 1848 illos
1522 1787 1869 1848 existimabo
1916 1807 2037 1850 non
2085 1789 2499 1869 desperatione
2527 1791 2647 1850 for-

302 1877 616 1938 midavisse
681 1887 870 1956 genus
933 1876 1076 1957 hoc,
1143 1876 1248 1936 sed
1311 1875 1532 1937 iudicio
1596 1878 1916 1957 refugisse3
1981 1885 2084 1938 aut
2145 1879 2448 1958 reperiant
2484 1874 2647 1961 ipsi,

304 1967 509 2028 eadem
557 1966 905 2027 condicione
954 1967 1057 2044 qui
1102 1967 1194 2026 uti
1239 1963 1399 2045 velit,
1443 1974 1513 2027 ut
1558 1973 1660 2026 aut
1704 1965 1863 2026 dicat
1907 1973 2009 2026 aut
2054 1965 2275 2026 scribat
2308 1974 2447 2028 utra
2481 1967 2646 2028 voles
2676 1990 2733 2030 so

302 2055 502 2135 lingua
550 2073 622 2115 eo
667 2073 904 2134 genere,
951 2071 1069 2133 quo
1115 2052 1202 2114 illi
1245 2053 1474 2134 volunt3
1522 2054 1755 2114 facilius
1800 2062 1893 2114 est
1938 2057 2098 2115 enim
2142 2063 2276 2134 apta
2321 2055 2646 2118 dissolvere

373 2250 420 2298 1.
465 2244 532 2298 de
575 2259 651 2297 sc.
699 2241 948 2297 oratione
1003 2241 1110 2296 wie
1154 2241 1313 2297 Brut.
1348 2247 1416 2296 83
1524 2241 1674 2296 volle
1711 2242 2255 2314 Zusammenffigung
2291 2245 2555 2299 enhsteht.

299 2316 361 2370 at
413 2312 593 2369 oratio
649 2313 828 2369 Laelii
877 2313 947 2369 de
987 2312 1252 2396 collegiis
1305 2330 1418 2369 non
1599 2318 1680 2368 12.
1746 2314 1923 2369 orbem
1970 2319 2106 2392 *93
2172 2320 2494 2371 ornamenta
2543 2315 2646 2378 der

297 2384 498 2441 melior
534 2401 702 2454 quam
741 2385 808 2439 de
837 2384 1032 2439 multis
1061 2401 1232 2453 quam
1257 2385 1415 2439 voles
1524 2384 1868 2455 singulorum
1912 2402 2146 2455 operum
2190 2387 2477 2483 venustati
2523 2390 2644 2443 eni-‚-

299 2456 760 2528 Scipionis3125
800 2458 1073 2510 181.189.
1111 2455 1181 2509 de
1218 2472 1294 2510 or.
1315 2455 1413 2524 III,
1521 2456 1845 2525 sprechend.

299 2475 432 2583 141p
439 2528 509 2582 de
544 2496 878 2582 Philocteta..
1596 2534 1678 2582 14.
1717 2529 1983 2583 abiectum
2021 2533 2141 2585 184.

369 2604 420 2654 5.
483 2614 738 2668 nemoque
800 2599 907 2653 etc.
980 2598 1096 2653 und
1166 2614 1280 2653 wer
1351 2614 1412 2652 es
1595 2603 1679 2655 15.
1714 2614 1931 2681 scopas.-
1993 2599 2085 2653 die
2122 2598 2411 2653 einzelnen
2446 2598 2669 2667 Reiser,

295 2670 522 2738 konnte,
570 2670 673 2724 hat
709 2671 854 2725 auch
889 2669 1048 2724 nicht
1081 2669 1279 2725 andei-s
1315 2684 1413 2739 ge-
1522 2670 1659 2725 aber
1696 2668 1821 2724 sind
1856 2689 1927 2724 ιιι
1962 2670 2149 2723 nichts
2184 2688 2255 2723 ιιι
2282 2670 2645 2740 gebrauchen

294 2741 467 2797 redet.
1522 2739 1595 2795 ad
1630 2740 1749 2795 Αιι.
1786 2741 1908 2809 V11,
1932 2746 2016 2809 13,
2034 2748 2065 2796 6
2104 2741 2165 2793 L.
2196 2740 2492 2795 Caesarem
2521 2742 2643 2796 vidi

367 2820 416 2867 6.
466 2810 694 2881 adsequi
745 2828 860 2866 non
898 2816 1228 2880 potuerunt:
1291 2811 1412 2866 ihre
1519 2810 1895 2865 Minturnis—
1829 2829 2037 2866 —cum
2052 2811 2459 2866 absurdissimis
2482 2830 2640 2867 man-

294 2882 658 2937 imbecillitas
705 2882 823 2937 also
859 2882 1053 2937 macht
1089 2882 1171 2937 sie
1209 2901 1277 2936 zu
1311 2882 1412 2937 Αι-
1520 2881 1685 2952 datis,
1722 2899 1833 2937 non
1861 2883 2161 2951 hominem,
2198 2882 2295 2937 sed
2323 2900 2524 2954 scopa-s
2554 2900 2642 2938 so-

292 2953 804 3081 ulzestsgnim
853 3024 972 3077 also
1019 3024 1152 3078 kein
1187 3024 1413 3080 Attiker
1518 2953 1685 3078 11111968
1712 3028 1777 3077 ut
1814 3024 1988 3092 plume
2034 3042 2131 3078 um
2168 3023 2290 3078 sich
2327 3025 2411 3078 als
2450 3026 2642 3081 solche

294 3095 396 3149 der
432 3094 659 3149 Attike'r
694 3088 822 3147 κατ’
866 3089 1092 3163 ἔξοχήνι
1521 3113 1588 3149 ιιι
1652 3094 1931 3163 erweisen,
1996 3094 2088 3148 die
2150 3096 2653 3164 sugenscheinlich

366 3172 415 3221 8.
444 3166 728 3219 vibrarent
746 3164 837 3221 die
857 3164 991 3219 Luft
1009 3164 1412 3232 durchzucken,
1520 3184 1625 3219 nur
1651 3182 1751 3219 aus
1792 3166 2073 3221 bewuster
2096 3166 2448 3248 Abneigung,
2480 3167 2643 3223 nicht

292 3252 404 3291 von
453 3236 554 3291 der
605 3236 860 3306 feurigen
895 3236 1052 3290 Rede
1105 3236 1260 3293 Brut.
1309 3242 1412 3291 326
1521 3254 1622 3291 aus
1636 3236 1865 3305 Mangel
1902 3247 1973 3291 'an
1992 3236 2298 3306 Fshigkeit
2322 3237 2413 3292 die
2440 3238 2641 3333 rhyth-

295 3306 476 3363 oratio
513 3304 752 3362 incitata
775 3308 834 3361 et
851 3306 1080 3362 vibrans
1097 3308 1411 3377 (schwung-
1518 3308 1732 3361 mische
1766 3306 1994 3361 Diction
2028 3308 2349 3363 verwerfen.

295 3379 453 3449 voll).
494 3377 680 3444 Quint.
719 3378 839 3445 XII,
878 3384 928 3446 9,
967 3384 998 3432 3
1036 3394 1140 3433 nec
1175 3378 1292 3433 illis
1327 3379 1410 3433 vi·
1593 3384 1675 3433 19.
1738 3379 1951 3433 iudicio
2013 3378 2463 3449 grundsiitzlich,
2538 3396 2639 3435 aus

171 3485 188 3501 .
292 3449 588 3505 brantibus
655 3448 1060 3517 concitatisque
1125 3449 1412 3504 sententiis
1518 3448 1897 3505 asthetischen
1930 3449 2323 3504 Rficksichten.

289 3522 446 3577 velut
508 3520 812 3575 missilibus
875 3520 1080 3575 utetur.
1155 3520 1228 3573 ad
1291 3522 1410 3574 Αιι.
1591 3526 1691 3575 aut
1743 3521 2023 3589 repa-iamt
2062 3551 2129 3561 —-
2163 3521 2308 3587 velit,
2364 3521 2501 3576 oder
2556 3521 2638 3577 sie

289 3593 411 3660 XV,
452 3592 548 3661 lb,
585 3598 618 3646 2
657 3596 708 3645 Δ
711 3590 1068 3662 ημοσθένους
1103 3589 1719 3661 ᾗι1ιιι1ιιει..ιιιδςθιι
1753 3592 2041 3646 ihrerseits
2069 3592 2223 3659 (ipsi)
2242 3592 2405 3645 einen
2430 3592 2638 3661 finden,

362 3634 611 3718 contorta
645 3662 1060 3732 geschwungen
1097 3660 1283 3726 Quint.
1311 3662 1407 3729 IX,
1517 3662 1617 3716 der
1653 3662 1774 3717 sich
1808 3662 1869 3715 in
1904 3662 2178 3737 gleichen
2172 3662 2367 3718 ·Weise
2404 3664 2637 3719 bestim-

289 3742 342 3805 4,
355 3740 387 3789 9
426 3750 598 3803 quare
635 3733 778 3788 mihi
815 3732 1218 3803 compositione
1253 3733 1410 3788 velut
1514 3750 1645 3787 men
1680 3733 1846 3787 liesse
1880 3734 1990 3787 etc.

289 3805 528 3861 amenius
551 3804 889 3873 quibusdam
917 3804 1174 3859 nervisve
1191 3803 1409 3859 intendi
1588 3809 1673 3858 20.
1712 3809 1814 3859 aut
1848 3804 1999 3859 dicat
2024 3808 2125 3858 aut
2161 3804 2383 3871 scribat,
2418 3802 2640 3860 wiewol

291 3878 350 3933 elz
413 3876 680 3931 concitari
743 3874 1056 3929 sententiae
1119 3874 1406 3941 videntur,
1516 3891 1577 3929 er
1610 3874 1871 3944 beffihigt
1903 3874 1983 3931 ist
2015 3878 2120 3945 gut
2155 3893 2223 3929 zu
2258 3875 2566 3931 schreiben.

288 3950 590 4016 ferrentur,
653 3946 759 4000 wie
815 3948 957 4001 Zeus
1021 3944 1172 4000 seine
1225 3945 1403 4000 Β11ιιθ
1582 3952 1669 4000 21.
1724 3946 1953 4013 facilius
1998 3950 2075 4000 est
2126 3948 2271 4000 enim
2316 3946 2425 4001 mit
2467 3946 2639 4002 ironi-

289 4017 624 4075 schleudert.
1514 4016 1705 4071 schem
1732 4016 2020 4072 Austrieh:
2060 4016 2159 4071 das
2196 4034 2266 4072 zu
2294 4018 2534 4073 macheu
2560 4018 2639 4073 ist

361 4096 410 4147 9.
447 4090 628 4144 soluta
662 4087 744 4142 im
769 4088 1081 4157 Gegensatz
1105 4092 1218 4141 von
1244 4089 1405 4156 apta3
1506 4087 1571 4157 ja
1604 4087 1769 4142 keine
1805 4086 2015 4156 Kunst,
2069 4104 2233 4142 wenn
2280 4087 2401 4171 sich
2436 4089 2637 4145 andei-s

287 4166 586 4231 sequantur
623 4164 653 4225 ξ
691 4164 750 4225 43
787 4174 920 4213 sane
956 4158 1378 4240 meinetwegen.
1514 4158 1668 4213 einer
1731 4158 1873 4212 dazu
1936 4158 2164 4229 hei-gibt
2216 4158 2410 4213 seinen
2462 4161 2638 4231 guten

364 4238 443 4286 10.
485 4232 717 4299 elipeum
763 4229 832 4284 de
871 4245 946 4284 or.
985 4229 1055 4297 ΙΙ,
1097 4234 1162 4283 73
1213 4247 1254 4283 s.
1290 4227 1406 4286 ind.
1516 4227 1625 4283 Stil
1661 4247 1731 4283 zu
1764 4229 2097 4285 verhunzen.

288 4301 545 4369 Phidias,
605 4302 976 4355 collocationis
1013 4301 1117 4354 etc.
1158 4299 1259 4354 das
1297 4298 1406 4353 Ge·
1584 4305 1721 4369 apta
1760 4305 1878 4355 149.

289 4344 573 4443 samtbild,
612 4372 712 4427 das
749 4372 891 4427 eben
913 4370 1089 4425 durch
1109 4369 1198 4425 die
1215 4370 1408 4425 kunst-
