2949 4647
407 91 534 156 126
675 89 682 92 ’
975 95 996 106 ’
1208 88 1509 144 ORATOR
1545 95 1630 147 53.
1672 93 1971 144 rte-iso.

402 265 530 318 rata
577 275 815 336 semper
861 263 1210 336 exspectat3.
1255 256 1463 316 mutila
1518 257 1703 316 sentit
1756 254 2044 334 quaedam
2102 261 2166 314 et
2208 256 2383 332 quasi
2428 252 2776 335 decurtata,

403 345 650 427 quibuS,
709 353 1010 424 tamquam
1057 343 1257 404 debito
1304 344 1644 424 fraudetur,
1703 342 2050 424 offenditur,
2108 341 2499 421 productiora
2540 341 2658 402 alia
2702 351 2765 402 et

405 437 574 513 quasi
639 432 1089 494 immoderatius
1153 434 1561 514 excurrentia,
1634 450 1785 511 quae
1848 433 2035 509 magis
2110 433 2287 491 etiam
2360 438 2762 510 aspernantur

405 541 608 604 aures3
675 520 834 600 quod
891 539 1028 582 cum
1075 523 1138 580 in
1183 521 1506 602 plerisque,
1562 530 1689 581 tum
1744 522 1809 580 in
1862 519 1977 580 hoc
2024 537 2244 600 genere
2298 521 2553 580 nimium
2600 519 2760 598 quod
2921 573 2922 596 ¹

345 639 358 648 ·
406 619 500 672 est
545 611 792 672 offendit
837 607 1252 670 vehementius
1298 627 1474 688 quam
1520 609 1582 669 id
1619 608 1809 688 'quod'
1834 608 2070 669 videtur
2113 625 2342 688 parum.
2443 607 2521 668 Ut
2574 609 2761 687 igitur
2788 617 2821 657 ⁵
2921 601 2922 610 ’

405 718 618 760 versus
661 701 944 759 inventus
989 707 1082 760 est
1126 700 1546 759 terminatione
1594 700 1848 779 aurium,
1894 695 2307 758 observatione
2352 696 2762 776 prudentium,
2921 699 2922 702 ’

405 791 492 848 sic
536 791 601 848 in
647 788 916 848 oratione
963 787 1440 847 animadversum
1488 795 1607 868 est,
1660 785 1849 846 multo
1893 785 2039 847 illud
2087 785 2329 865 quidem
2374 787 2598 866 seriuS,
2656 785 2763 845 sed
2920 797 2922 852 ῑ

404 876 612 937 eadem
659 875 1015 936 admonente
1069 883 1310 957 natura,
1365 893 1499 936 esse
1554 874 1844 953 quosdam
1900 881 2098 934 certos
2154 892 2371 935 cursus
2424 873 2761 934 conclusio·
2920 857 2922 900 ¹

404 983 632 1044 nesque
678 963 1016 1024 verborum.

301 1073 401 1122 179
526 1051 532 1053 ’
586 1053 877 1124 Quoniam
922 1055 1107 1131 igitur
1153 1069 1392 1113 causam
1439 1069 1677 1132 quoque
1726 1051 2115 1132 ostendimuS,
2160 1059 2434 1112 naturam
2479 1069 2643 1112 nunc
2674 1083 2761 1094 --
2792 1062 2846 1100 ιο
2920 1049 2922 1106 ζ

405 1142 465 1202 id
513 1143 672 1202 enim
720 1149 849 1201 erat
893 1144 1138 1202 tertium
1189 1173 1297 1221 -,
1363 1143 1414 1200 si
1478 1139 1699 1222 placet,
1762 1139 2154 1220 explicemus:
2218 1157 2372 1218 quae
2436 1140 2764 1220 disputatio

405 1249 527 1292 non
573 1230 754 1290 huius
799 1231 1058 1291 instituti
1104 1231 1398 1290 sermonis
1445 1236 1564 1310 est,
1624 1227 1729 1290 sed
1776 1231 1928 1289 artis
1970 1230 2231 1289 intimae.
2332 1228 2555 1300 Quaeri
2600 1231 2762 1288 enim

403 1327 626 1400 potest,
683 1320 786 1397 qui
844 1319 921 1379 sit
977 1320 1264 1378 orationis
1309 1335 1625 1398 numerus,
1682 1325 1743 1378 et
1797 1316 1902 1378 ubi
1957 1319 2037 1378 sit
2076 1319 2311 1396 positus
2356 1325 2417 1378 et
2462 1325 2643 1378 natus
2688 1336 2763 1378 ex

404 1427 542 1490 quo,
589 1415 650 1467 et
695 1409 748 1467 is
794 1425 1030 1468 unusne
1077 1409 1155 1467 sit
1200 1424 1274 1467 an
1321 1406 1440 1467 duo
1488 1424 1563 1466 an
1599 1405 1825 1487 plureS,
1882 1423 2115 1485 quaque
2164 1408 2393 1466 ratione
2440 1423 2761 1486 compona-

403 1505 503 1556 tur
550 1506 611 1556 et
657 1495 728 1555 ad
776 1512 951 1573 quam
1000 1513 1129 1556 rem
1175 1502 1237 1555 et
1263 1494 1519 1574 quando
1575 1502 1636 1554 et
1690 1512 1808 1573 quo
1863 1493 1996 1554 loco
2044 1501 2104 1554 et
2149 1512 2329 1572 quem
2384 1494 2456 1556 ad
2511 1495 2761 1555 modum
2790 1505 2842 1545 15

401 1584 702 1645 adhibitus
748 1583 966 1662 aliquid
1013 1582 1331 1663 voluptatis
1377 1582 1621 1644 adferat.

295 1691 398 1740 180
584 1671 701 1732 Sed
747 1678 816 1731 ut
861 1674 924 1732 in
970 1670 1273 1751 plerisque
1320 1670 1525 1752 rebuS,
1572 1674 1659 1732 sic
1704 1673 1768 1730 in
1814 1670 1925 1731 hac
1973 1670 2187 1750 duplex
2218 1681 2313 1730 est
2340 1670 2764 1732 considerandi
2922 1673 2924 1748 1

399 1763 510 1840 via,
557 1777 810 1838 quarum
858 1759 1042 1821 altera
1089 1767 1181 1820 est
1225 1759 1478 1842 longior,
1521 1760 1761 1821 brevior
1806 1758 2009 1842 altera,
2056 1759 2263 1819 eadem
2301 1761 2481 1820 etiam
2508 1759 2760 1839 planior.
2922 1753 2924 1831 J

291 1852 379 1916 54
397 1848 508 1909 Est
553 1856 753 1909 autem
798 1849 1086 1928 longioris
1129 1849 1322 1927 prima
1357 1848 1458 1908 illa
1504 1850 1803 1930 quaestio,
1868 1850 2024 1909 sitne
2083 1850 2324 1908 omnino
2382 1847 2502 1908 ulla
2544 1867 2758 1910 nume·
2922 1839 2924 1852 '

399 1955 536 1998 rosa
581 1939 798 2020 orati03
863 1936 1218 2016 quibusdam
1265 1940 1423 1997 enim
1478 1955 1599 1998 non
1653 1935 1916 2017 videtur,
1981 1939 2119 2016 quia
2184 1935 2331 1996 nihil
2384 1939 2529 1997 insit
2574 1939 2639 1997 in
2688 1956 2759 1998 ea
2786 1950 2842 1990 20

400 2028 551 2087 certi
595 2033 664 2087 ut
707 2028 769 2086 in
816 2025 1105 2109 versihuS,
1152 2033 1213 2086 et
1258 2025 1416 2105 quod
1463 2027 1598 2106 ipsi,
1644 2027 1749 2103 qui
1794 2025 2111 2086 adfirment
2147 2043 2279 2085 esse
2310 2043 2415 2085 eos
2450 2044 2758 2107 numemS,

398 2117 690 2176 rationem
743 2133 852 2176 cur
897 2117 1021 2175 sint
1064 2133 1184 2176 non
1232 2113 1452 2193 queant
1497 2113 1768 2174 reddere.
1842 2113 2088 2194 Deinde,
2134 2115 2186 2174 si
2232 2115 2310 2174 sit
2354 2132 2647 2174 numerus
2692 2117 2755 2174 in

399 2205 688 2284 oratione,
737 2202 928 2281 qualis
974 2205 1049 2264 sit
1099 2211 1201 2264 aut
1247 2203 1470 2285 quales,
1518 2210 1579 2262 et
1626 2221 1661 2264 e
1703 2204 2033 2281 poeticisne
2080 2204 2348 2263 numeris
2396 2220 2470 2263 an
2516 2221 2591 2262 ex
2638 2202 2755 2263 alio

399 2309 618 2369 genere
669 2290 940 2373 quodam,
987 2299 1064 2374 et,
1111 2294 1163 2353 si
1209 2309 1241 2352 e
1288 2293 1559 2374 poeticiS,
1607 2293 1741 2371 quis
1788 2309 1998 2352 eorum
2044 2291 2139 2352 sit·
2167 2299 2269 2352 aut
2316 2293 2446 2372 qui3
2492 2309 2751 2371 namque
2925 2366 2926 2371 γ

399 2380 529 2441 aliis
575 2399 734 2441 unus
778 2380 972 2461 mode,
1021 2381 1149 2441 aliis
1196 2379 1420 2464 plureS,
1466 2380 1597 2441 aliis
1643 2398 1851 2441 omnes
1900 2379 2091 2442 eidem
2140 2380 2432 2442 videntur.
2507 2380 2757 2463 Deinde,
2786 2394 2839 2435 25
2925 2380 2926 2455 ζ

400 2469 762 2547 quicumque
811 2478 978 2551 sunt,
1043 2472 1182 2557 sive·
1221 2487 1380 2530 unus
1437 2472 1562 2529 sive
1627 2468 1850 2549 plureS,
1917 2487 2342 2529 communesne
2408 2471 2529 2530 sint
2593 2472 2759 2529 omni
2925 2480 2926 2491 ¹

1703 2646 1771 2693 12
1840 2656 1955 2695 mm
2000 2641 2171 2695 huius
2215 2640 2321 2695 etc.
2372 2654 2433 2693 es
2482 2638 2610 2693 sind
2662 2638 2761 2694 die

1630 2710 1866 2780 Fragen,
1912 2710 2004 2765 die
2040 2710 2164 2765 hier
2196 2710 2259 2764 in
2294 2709 2563 2765 Betrscht
2595 2709 2757 2765 kom-

1630 2797 1779 2848 men,
1830 2781 1953 2836 rein
2004 2780 2357 2836 technischer
2398 2780 2583 2835 Natu:
2637 2780 2756 2835 und

1630 2852 1877 2921 geheren
1912 2853 2033 2907 also
2053 2854 2247 2921 sti-eng
2266 2867 2601 2921 genommen
2620 2851 2757 2907 eher

1629 2923 1689 2977 in
1788 2922 1911 2978 eine
2011 2922 2359 2979 theoretisch
2373 2952 2393 2963 ·
2406 2920 2755 2977 rhetorische

474 2647 520 2693 1.
567 2644 842 2709 exspectat
888 2646 1007 2697 168.
1055 2640 1126 2695 de
1163 2658 1242 2696 or.
1279 2642 1378 2711 ΠΙ,
1417 2648 1518 2697 191

393 2710 563 2766 modo
613 2728 685 2765 ne
740 2711 1005 2766 circuitus
1053 2711 1172 2781 ipse
1222 2714 1523 2768 verborum

398 2782 474 2836 sit
529 2783 629 2835 ant
682 2782 921 2851 brevior,
985 2799 1156 2864 quam
1213 2800 1376 2839 aures
1430 2801 1523 2839 ex·

397 2854 679 2921 spectent,
730 2854 832 2907 aut
865 2853 1113 2923 longior,
1169 2871 1346 2923 quam·
1375 2855 1523 2909 vires

395 2924 567 2991 atque
618 2922 810 2977 anima
849 2922 1140 2997 patiami-3,
1188 2927 1388 2980 mutila
1423 2932 1521 2992 323

395 2994 684 3048 decurtata
721 2999 841 3048 168.
1632 2993 1843 3049 Schrift
1895 2994 1964 3048 de
2016 2992 2330 3049 elocutione
2350 3035 2364 3060 ‚
2412 2993 2498 3047 als
2548 2992 2611 3047 in
2660 2993 2755 3048 die

466 3070 518 3120 3.
575 3065 924 3119 excurrentia
974 3069 1093 3121 168.
1136 3071 1255 3121 170.
1321 3067 1391 3123 de
1441 3082 1521 3123 or.
1630 3064 1989 3134 v'orliegende
2038 3064 2426 3133 Darstellung‚
2478 3061 2754 3119 hinnicht·

394 3133 491 3202 111,
531 3139 651 3191 190.
1628 3136 1745 3191 lich
1780 3135 2023 3191 welcher
2051 3134 2165 3191 Cic.
2204 3134 2382 3190 selbst
2414 3133 2757 3200 wiederholt

1628 3206 2089 3277 hervorgehoben
2131 3206 2315 3261 hatte:
2379 3205 2537 3260 uuna
2590 3222 2751 3275 prae-

1628 3280 1795 3347 cepta.
1854 3294 2127 3347 ponemus
2190 3280 2295 3332 etc.
2378 3276 2545 3346 (Einl.
2594 3282 2626 3342 ἓ
2678 3279 2752 3346 4).

468 3210 518 3259 4.
555 3206 790 3260 nimium
827 3211 910 3262 73.

467 3284 518 3331 6.
557 3277 958 3347 terminatione,
994 3276 1243 3333 insofern
1280 3278 1380 3333 das
1412 3279 1517 3333 Ge-

393 3348 502 3401 her
549 3346 641 3401 die
688 3347 932 3417 Hebung
980 3348 1096 3403 und
1143 3348 1412 3419 Senkung
1457 3350 1519 3404 in

395 3418 495 3473 der
529 3418 676 3472 nach
712 3418 1075 3474 bestimmten
1093 3418 1366 3475 Gesetzen
1386 3420 1516 3475 wie-

395 3489 818 3545 derkehrenden
890 3488 1068 3559 Folge
1139 3490 1518 3561 wahrnimmt,

394 3561 514 3615 also
569 3560 661 3615 die
709 3558 1096 3629 rhythmische
1139 3559 1520 3632 Abgrenzung

394 3631 712 3697 bestimmt3
751 3631 853 3686 auf
884 3631 1076 3687 Grund
1111 3631 1294 3688 dieser
1328 3634 1517 3688 natiir-

394 3700 582 3756 lichen
597 3701 1065 3774 Wahrnehmung
1100 3704 1329 3759 wurden
1367 3704 1519 3758 dann

394 3788 505 3827 von
541 3772 831 3843 kundigen
864 3773 1252 3829 Beobachtern
1288 3774 1381 3829 die
1407 3775 1517 3829 Re-

395 3841 550 3968 gtzitit
578 3841 671 3896 fiir
731 3844 823 3899 die
881 3844 1259 3916 Versbildung
1323 3846 1518 3915 ausge-

394 3932 418 3967 s
551 3957 563 3969 .

468 3990 517 4038 7.
555 3986 805 4039 oratione
844 3992 972 4053 1743
1017 3987 1195 4041 serius
1235 3993 1353 4043 171.
1393 3993 1516 4043 186.

465 4060 515 4109 8.
557 4071 750 4110 cursus
784 4055 1067 4125 Umlaufe,
1116 4056 1380 4113 circuitus
1413 4077 1515 4113 πε-

393 4122 648 4194 ριόδουςς
687 4128 1057 4182 conclusiones
1097 4134 1216 4184 169.

393 4196 842 4336 affltffsstm'.
879 4198 1351 4325 ῗὲρῖέῑζῗᾞᾏ
1366 4200 1513 4326 :1325

392 4338 578 4392 merk
595 4356 746 4409 ung.
839 4378 860 4393 Ι

1626 3348 1815 3403 Daher
1858 3347 2014 3403 diese
2062 3347 2565 3417 entechuldigende
2612 3347 2752 3403 Vor-

1625 3419 1988 3489 bemerkung.

1702 3496 1787 3544 14.
1816 3506 1930 3545 com
2102 3507 2201 3544 ur:
2227 3490 2351 3544 wie
2372 3488 2463 3542 die
2476 3488 2750 3544 Bestund-

1625 3559 1761 3615 teile
1822 3560 1919 3615 des
1964 3559 2285 3630 Rhythmus
2333 3575 2752 3630 zusammenge-

1628 3631 1788 3686 stellt
1822 3630 2049 3687 werden
2086 3636 2210 3688 203.

1701 3708 1784 3756 17.
1850 3702 1962 3758 Sed
2022 3702 2159 3757 aber
2214 3719 2349 3757 man
2396 3701 2552 3755 kann
2602 3703 2749 3759 auch

1626 3774 1771 3827 noch
1809 3774 2006 3829 weiter
2040 3773 2223 3842 gehen
2266 3772 2385 3827 und
2424 3773 2564 3828 iiber
2600 3774 2749 3830 noch

1624 3844 1831 3899 andere
1866 3846 2087 3915 Fragen
2124 3843 2244 3900 sich
2279 3844 2618 3901 verbreiten.

1698 3922 1785 3970 21.
1822 3932 1910 3971 eos
1946 3932 2007 3971 es
2029 3916 2173 3985 gebo
2195 3915 2385 3971 solche
2399 3915 2747 3973 oratorische

1622 3986 1947 4055 Rhythmen
1983 3986 2096 4055 (die
2122 3986 2226 4041 wir
2242 3986 2323 4041 im
2336 3986 2498 4056 Auge
2516 3987 2749 4057 haben).

1696 4063 1781 4111 22.
1818 4060 1883 4112 in
1919 4059 2166 4113 oratione
2202 4063 2233 4124 ξ
2273 4064 2357 4115 70.

1694 4134 1781 4183 26.
1820 4129 1971 4185 omni
2012 4130 2199 4199 ymeri
2249 4130 2539 4195 orationis,
2585 4130 2748 4199 jeder

1624 4198 1991 4271 Stilgattung,
2042 4200 2117 4254 da
2146 4216 2225 4255 es
2280 4200 2422 4255 eben
2466 4201 2748 4256 verschie-

1622 4270 1763 4325 dene
1801 4271 1940 4340 gibt.
