2949 4647
1057 137 1358 192 ORATOR
1393 145 1442 194 5.
1487 146 1711 194 16-19,

2369 124 2561 206 '39

207 299 556 360 definiendo
606 301 898 380 explicare
946 321 1056 363 nec
1101 303 1367 364 tribuere
1407 307 1469 364 in
1515 314 1715 384 partes
1751 325 2089 389 possumus,
2134 327 2245 388 nec
2283 309 2564 390 iudicare,

215 407 372 467 quae
412 407 570 480 vera,
609 407 757 468 quae
797 393 938 451 salsa
978 395 1114 472 sint,
1162 410 1355 471 neque
1396 413 1644 454 cernere
1685 400 2128 477 consequentia,
2175 401 2563 500 repugnantia

213 478 443 559 videre,
490 439 761 557 ambigua
809 481 1190 560 distinguere
1284 481 1438 552 Quid
1486 483 1677 542 dicam
1724 484 1794 544 de
1842 493 2052 545 natura
2099 504 2333 562 rerum,
2392 489 2564 547 cuius

214 569 482 644 cognitio
530 586 800 646 magnam
847 573 1068 630 oratori
1115 570 1453 650 suppeditat
1499 574 1745 654 copiam,
1792 572 1864 633 de
1912 576 2047 654 vita,
2094 575 2165 634 de
2214 575 2443 656 officiis,
2490 575 2561 634 de

151 657 470 736 evirtute,
528 656 600 716 de
649 655 955 718 moribus?
1020 662 1102 718 de
1141 661 1358 734 quebus
1404 663 1561 720 mhi!
1612 663 1737 720 sine
1795 661 1976 721 multa
2035 681 2239 722 earum
2297 665 2563 742 ipsarum

214 763 426 804 rerum
475 743 783 825 disciplina
821 757 922 807 aut
969 748 1084 808 dici
1121 755 1221 807 aut
1258 747 1519 828 intellegi
1557 758 1769 828 potest.
1836 750 1953 810 Sed
1992 751 2063 810 ad
2102 751 2208 810 has
2247 758 2334 812 tot
2371 760 2495 812 tan·
2537 748 2579 812 5
2603 761 2674 808 17

212 831 431 910 tasque
479 851 577 893 res
623 833 949 896 adhibenda
997 845 1135 896 sunt
1181 846 1525 897 ornamenta
1563 838 2033 920 innumerabilia,
2080 858 2228 918 quae
2278 839 2398 900 sola
2438 848 2565 900 tum

217 922 465 1000 quidem
527 922 914 985 tradebantur
980 924 1050 986 ab
1116 928 1228 1005 eiS,
1294 929 1396 1004 qui
1452 925 1687 986 dicendi
1753 929 2216 988 numerabantur
2281 931 2562 1008 magistri.

219 1011 353 1080 Quo
403 1003 470 1071 fit
515 1020 584 1072 ut
629 1031 828 1072 veram
873 1013 1032 1072 illam
1081 1021 1139 1073 et
1186 1014 1514 1076 absolutam
1573 1007 1969 1094 eloquentiam
2015 1035 2189 1076 nemo
2239 1035 2561 1095 consequa-

123 1123 188 1161 ·10
219 1109 340 1180 tur,
403 1100 562 1177 quod
609 1101 718 1160 alia
763 1102 1160 1184 intellegendi,
1222 1102 1329 1163 alia
1390 1101 1625 1163 dicendi
1681 1104 1988 1184 disciplina
2045 1114 2137 1165 est
2192 1114 2251 1166 et
2306 1105 2378 1165 ab
2436 1105 2563 1165 aliis

216 1204 445 1267 rerum,
493 1187 566 1248 ab
613 1189 740 1249 aliis
785 1191 1104 1251 veiboium
1151 1191 1419 1252 doctrina
1465 1195 1789 1270 quaeritur.
1880 1191 2083 1272 Itaque
2131 1193 2203 1255 M.
2253 1195 2567 1274 AntoniUS,
2605 1210 2671 1256 18

219 1279 321 1337 cui
366 1278 460 1337 vel
503 1281 727 1358 primas
775 1279 1141 1358 eloquentiae
1197 1289 1432 1360 patrum
1489 1291 1830 1342 nostrorum
1879 1281 2177 1343 tribuebat
2232 1291 2419 1363 aetaS,
2476 1285 2564 1342 vir

219 1375 436 1425 natura
480 1376 803 1445 peracutus
848 1377 908 1429 et
953 1368 1236 1450 prudenS,
1279 1372 1342 1430 in
1388 1387 1457 1429 eo
1506 1369 1678 1450 libro,
1725 1389 1902 1448 quem
1948 1389 2134 1431 unum
2171 1372 2431 1451 reliquit,
2478 1372 2562 1431 di-

223 1464 424 1515 sertos
469 1457 552 1516 ait
598 1474 660 1516 se
709 1456 922 1517 vidisse
970 1457 1205 1537 multoe,
1253 1457 1629 1536 eloquentem
1667 1462 1906 1519 omnino
1953 1463 2267 1520 neminem.
2341 1461 2565 1520 Inside-

139 1564 194 1604 15
223 1543 330 1602 hat
383 1544 660 1604 videlicet
715 1547 776 1605 in
842 1549 970 1606 eius
1033 1554 1230 1606 mente
1297 1550 1527 1624 species
1592 1547 1981 1629 eloquentiae,
2046 1567 2221 1627 quam
2286 1549 2567 1609 cernebat

221 1634 441 1717 animo,
489 1651 554 1693 re
602 1636 730 1713 ipsa
761 1653 896 1696 non
943 1634 1190 1697 videbat.
1255 1635 1356 1694 Vir
1395 1645 1593 1696 autem
1642 1639 1928 1698 acerrimo
1974 1640 2213 1716 ingenio
2262 1631 2378 1720 (sic
2407 1640 2566 1698 enim

221 1715 368 1802 fuit)
416 1722 607 1783 multa
667 1731 726 1782 et
779 1725 842 1782 in
897 1742 960 1784 se
1017 1733 1076 1784 et
1130 1724 1191 1784 iu
1251 1724 1379 1785 aliis
1440 1724 1783 1786 desiderans
1846 1729 2145 1786 neminem
2203 1726 2400 1808 plane,
2466 1728 2568 1804 qui

220 1820 390 1870 recte
438 1811 722 1890 appellari
767 1811 1053 1890 eloquens
1107 1821 1335 1892 posset,
1390 1812 1640 1874 videbat.

1742 1813 1968 1884 Quodsi
2021 1814 2119 1874 ille
2175 1833 2287 1875 nec
2344 1833 2407 1875 se
2454 1833 2566 1874 nec

225 1898 292 1958 L.
359 1898 642 1960 Crassum
707 1900 1084 1978 eloquentem
1147 1905 1399 1983 putavit,
1470 1899 1678 1962 habuit
1748 1903 2014 1980 profecto
2081 1901 2569 1982 comprehensam

141 2010 198 2047 ρο
228 1990 428 2048 animo
478 1989 772 2066 quandam
817 1990 1066 2050 formam
1112 1990 1505 2071 eloquentiae,
1549 1993 1647 2050 cui
1693 1993 1971 2069 quoniam
2017 1991 2164 2051 nihil
2198 1991 2420 2072 deerat,
2465 2011 2568 2050 eos

222 2075 448 2154 quibus
494 2077 715 2156 aliquid
761 2087 864 2138 aut
908 2078 1078 2157 plura
1125 2079 1370 2140 deerant
1423 2082 1487 2140 in
1546 2098 1675 2139 eam
1731 2080 1981 2140 formam
2035 2098 2153 2139 non
2201 2088 2435 2158 poterat
2478 2083 2568 2139 in·

223 2165 487 2227 cludere.

220 2334 358 2445 aa.
374 2318 992 2462 9111131311ὲῇ
1010 2319 1341 2447 sagati·

299 2468 348 2516 1.
385 2464 644 2529 tabuere,
692 2480 777 2519 wo
813 2482 945 2518 man
983 2464 1083 2518 das
1119 2480 1340 2533 compo-

221 2534 397 2587 situm
417 2534 748 2590 distribuere
767 2536 1045 2605 erwartet,
1063 2535 1169 2589 wie
1187 2536 1339 2589 Brut.

225 2610 330 2658 152
380 2605 490 2659 nisi
539 2622 663 2659 eam
713 2609 1005 2676 praeterea
1057 2605 1345 2661 didicisset

221 2678 407 2731 artem
446 2676 560 2743 (die
573 2676 900 2745 Dialektik),
939 2694 1083 2745 quae
1119 2676 1344 2731 doceret

219 2765 347 2801 rem
383 2748 704 2802 universam
747 2749 996 2803 tribuere
1041 2748 1100 2801 in
1135 2750 1342 2817 partes,

221 2819 503 2873 latentem
540 2819 819 2888 explicare
863 2818 1200 2887 definiend0,
1244 2818 1341 2873 ob-

221 2906 448 2944 scuram
531 2890 828 2959 explanare
908 2890 1344 2959 interpretando,

217 2961 499 3031 ambigua
558 2961 803 3031 primum
865 2961 1078 3027 videre,
1142 2960 1344 3015 deinde

219 3032 593 3101 distinguere,
631 3036 912 3101 postremo
948 3033 1155 3086 habere
1181 3048 1343 3101 regu-

223 3104 374 3168 lam,
412 3118 527 3171 qua
550 3120 686 3159 vera.
713 3108 772 3158 et
806 3104 950 3157 falsa
969 3103 1347 3157 iudica-rentur

222 3180 336 3229 eto.
379 3175 542 3229 Tuse.
563 3175 629 3241 V,
654 3181 737 3231 ⁷2.
777 3175 940 3229 deor.
959 3176 1025 3240 Π,
1048 3179 1166 3228 157.

298 3251 354 3300 3.
407 3247 546 3313 quid
599 3247 804 3313 dicam,
857 3245 965 3299 mit
1019 3246 1200 3299 dieser
1248 3260 1345 3315 ge-

220 3315 586 3370 wohnlichen
677 3316 1058 3371 rhetorischen
1137 3316 1346 3369 Ueber-

219 3386 611 3455 ‹rangsformel
653 3387 915 3457 (Seyffert
959 3386 1182 3442 scholae
1217 3386 1346 3441 lati-

223 3474 339 3512 nae
375 3464 406 3523 ξ
445 3459 550 3526 28)
571 3459 796 3511 vendet
831 3459 950 3513 sich
987 3456 1096 3512 oio
1135 3476 1202 3510 zu
1239 3458 1348 3511 den

219 3529 371 3583 zwei
389 3528 627 3597 iibrigen
647 3529 692 3582 'l
697 3530 840 3591 eilen
854 3530 953 3583 der
969 3528 1348 3597 Philosophia,

221 3601 332 3654 der
368 3599 584 3667 Physik
624 3601 738 3653 und
774 3600 950 3653 Ethik
987 3606 1090 3654 119
1115 3600 1154 3654 f.
1201 3618 1242 3653 s.
1290 3571 1348 3653 d.’

221 3672 362 3725 krit.
401 3670 660 3741 Anhang.

301 3748 353 3797 7.
393 3748 720 3811 ornamenta
747 3758 820 3795 sc.
841 3741 1063 3795 dicendi
1081 3741 1216 3796 oder
1233 3741 1346 3796 elo·

225 3812 494 3881 cationis,
546 3815 638 3867 die
688 3812 902 3867 lumina
949 3812 1246 3866 verborum
1292 3815 1349 3865 et

228 3885 642 3939 sententiarum
672 3890 776 3937 134
789 3882 845 3936 ff.
884 3902 926 3937 s.
963 3883 1078 3935 ind.
1105 3882 1346 3945 lumina3

225 3963 374 4021 tam,
439 3956 658 4009 damals
708 3954 791 4009 als
846 3954 936 4007 die
992 3951 1349 4022 Philosophie

226 4044 344 4081 von
381 4028 482 4081 der
511 4024 786 4080 Rhetorik
823 4024 938 4078 sich
977 4026 1198 4077 trennte
1235 4022 1349 4076 und

226 4100 387 4153 diese
423 4099 484 4151 in
511 4098 688 4162 Folge
727 4096 921 4150 dessen
957 4094 1225 4162 lediglich
1260 4092 1352 4147 die

225 4170 472 4224 formell-
484 4168 807 4222 stilistische
829 4164 980 4219 Seite
996 4164 1357 4232 behandelte,·

227 4242 380 4295 also:
418 4240 642 4309 ‚friiher‘
681 4238 816 4293 oder
851 4236 1136 4303 ‚seitdem‘.
1176 4235 1352 4288 Datin

227 4312 376 4381 liegt
439 4312 542 4364 der
604 4304 730 4363 Hau
732 4307 1004 4378 pt-grund,
1070 4306 1196 4360 dass
1259 4304 1350 4360 die

225 4385 522 4438 hochste
559 4380 919 4449 Vollendung
937 4378 1095 4433 nicht
1113 4376 1352 4432 erreicht

597 2166 1026 2246 Investigemus
1087 2167 1249 2228 hunc
1313 2171 1520 2248 igitur,
1583 2167 1791 2250 Brute,
1868 2171 1918 2228 si
1980 2187 2297 2248 possumus

2307 2217 2325 2250 ,
2391 2185 2569 2246 quem

1448 2321 1672 2375 werden
1698 2321 1867 2377 kann.
1920 2321 2061 2375 Dass
2091 2321 2171 2377 sie
2198 2321 2387 2377 bisher
2414 2321 2572 2377 nicht

1450 2393 1690 2447 erreicht
1726 2394 1822 2461 sei,
1860 2394 2024 2447 dafiir
2058 2392 2213 2447 fiihrt
2239 2394 2431 2448 Cicero
2470 2394 2570 2448 das

1449 2464 1689 2533 Zeugnis
1736 2466 1833 2519 des
1879 2463 2128 2519 Redners
2172 2465 2450 2519 Antonius
2497 2482 2570 2519 an

1448 2536 1564 2588 und
1599 2534 1820 2589 kommt
1855 2535 2035 2589 damit
2059 2536 2267 2589 wieder
2285 2535 2388 2590 auf
2418 2535 2569 2589 seine

1449 2604 1732 2675 Aufgabe‚
1787 2606 1887 2659 das
1935 2606 2125 2659 Ideal
2180 2605 2277 2661 des
2323 2606 2571 2660 Redners

1449 2676 1837 2742 darzustellen,
1878 2677 2102 2731 zuriick.

1522 2753 1569 2801 9.
1594 2764 1777 2801 veram
1812 2752 1863 2801 et
1898 2748 2200 2801 absolutam
2213 2748 2282 2801 de
2298 2764 2374 2803 or.
2390 2748 2569 2813 111‚s4

1449 2834 1684 2887 semper,
1723 2834 2072 2887 quacumque
2102 2817 2169 2873 de
2200 2823 2321 2873 arte
2358 2821 2458 2873 aut
2492 2818 2572 2873 fa·

1452 2888 1663 2942 cultata
1714 2888 2026 2959 quaeritur,
2083 2889 2153 2943 de
2204 2889 2465 2945 absoluta.
2516 2892 2575 2943 et.

1451 2960 1702 3029 perfecta.
1738 2960 1934 3028 quaeri
1970 2959 2129 3014 solet.

1527 3036 1609 3085 10.
1658 3032 1775 3085 alia
1813 3030 1902 3085 die
1939 3031 2085 3085 doch
2122 3030 2427 3101 eigentlich
2462 3048 2567 3085 nur

1453 3102 1545 3155 die
1582 3102 1720 3157 zwei
1758 3102 1945 3157 Seiten
1992 3102 2092 3157 der
2128 3103 2287 3157 einen
2325 3102 2567 3157 Wissen·

1345 3210 1363 3229 .
1454 3172 1639 3227 schaft
1690 3172 1883 3227 bilden
1938 3174 2171 3238 sollten3
2227 3174 2575 3241 ivztelleyendi

1453 3242 1550 3311 ‚im
1586 3244 1851 3298 Denken‘.

1484 3368 1488 3371 .
1530 3320 1609 3370 12.
1639 3316 1855 3383 primas
1892 3332 1964 3370 sc.
1994 3317 2185 3384 partes
2206 3321 2274 3369 29
2313 3314 2426 3382 (cui
2462 3315 2573 3384 pri-

1453 3402 1579 3439 mae
1600 3416 1659 3426 —-
1680 3385 2109 3455 deferebantur),
2149 3392 2215 3440 56
2256 3386 2574 3454 (tribuerit),

1457 3464 1559 3511 141
1600 3457 1909 3525 (tenuerit),
1956 3457 2108 3510 Brut.
2149 3463 2218 3512 84
2257 3456 2573 3526 (deferunt),

1455 3528 1525 3582 de
1564 3544 1641 3581 or.
1678 3528 1748 3593 ΙΙ,
1787 3534 1887 3582 147
1927 3527 2295 3596 (concedere).

1528 3604 1612 3652 13.
1663 3600 1726 3653 in
1774 3616 1833 3653 eo
1886 3600 2026 3653 libro
2075 3599 2135 3652 in
2186 3599 2285 3652 der
2328 3598 2574 3652 mehrer·

1453 3670 1717 3723 wahnten
1746 3670 1955 3725 Schrift
1990 3670 2059 3723 de
2096 3668 2313 3722 ratione
2349 3668 2579 3723 dicendi

1456 3758 1498 3793 s.
1536 3740 1649 3794 ind.
1693 3741 1985 3795 Antonius.

1528 3816 1610 3865 14.
1648 3812 1937 3865 insidebat·
1960 3816 2021 3864 19
2044 3853 2058 3879 ,
2106 3811 2354 3865 cernebat
2391 3813 2579 3865 animo

1457 3887 1510 3945 9,
1555 3897 1613 3934 re
1656 3882 1783 3949 ipsa
1828 3882 1887 3935 in
1931 3881 2031 3935 der
2076 3883 2344 3951 (aussern)
2383 3881 2573 3936 Wirk-

1458 3951 1710 4005 lichkeit.

1531 4028 1618 4076 21.
1655 4022 1957 4076 includere:
2011 4023 2110 4077 das
2157 4022 2413 4078 absolute
2450 4022 2575 4076 Mu-

1459 4092 1721 4161 sterbild,
1803 4092 1892 4147 die
1965 4093 2174 4160 ideale‚
2256 4093 2577 4149 vollendete

1457 4163 1836 4233 Formgestalt
1882 4164 2017 4218 liess
2068 4165 2187 4219 sich
2247 4165 2357 4220 den
2418 4166 2581 4220 mehr

1460 4236 1594 4289 oder
1642 4234 1859 4289 minder
1906 4235 2437 4291 unvollkommenen
2487 4237 2577 4291 In-

1457 4304 1721 4359 dividueu
1776 4306 1929 4359 nicht
1977 4306 2324 4373 einrahmen‚
2376 4324 2576 4377 anpas-

1458 4394 1584 4445 sen3
1633 4378 1733 4431 das
1769 4382 1919 4431 ware
1956 4395 2061 4430 nur
2097 4349 2367 4447 1116311011,
2416 4396 2579 4433 wenn

2608 1812 2675 1858 19
