2949 4647
2456 85 2583 149 143

1017 82 1318 139 ORATOR
1353 90 1440 137 64.
1480 90 1779 169 eis-220.

231 252 530 332 antiquos,
574 249 968 331 Aristotelem,
1015 249 1509 331 Theophrastum,
1566 249 1989 332 Theodectem,
2041 250 2366 333 Ephorum,
2426 272 2583 314 unus

233 341 577 419 aptissimus
623 340 877 400 orationi
927 338 1014 397 vel
1060 340 1278 399 orienti
1323 338 1414 399 vel
1459 339 1717 419 mediae3
1761 347 1975 419 putant
2011 340 2097 401 illi
2123 342 2302 401 etiam
2332 342 2581 421 cadenti,

233 446 353 508 quo
398 428 532 488 loco
578 426 723 487 mihi
769 426 1002 487 videtur
1063 429 1256 506 aptior
1311 429 1588 489 creticus
1688 426 2011 489 Dochmius
2067 437 2265 489 autem
2322 448 2354 489 e
2412 432 2580 509 quin·
2622 492 2627 499 ,

234 536 351 597 que
400 515 655 596 syllabiS,
701 514 886 596 brevi,
933 514 1163 588 duabus
1207 516 1417 597 longiS,
1463 514 1650 597 brevi,
1694 516 1885 599 longa,
1931 524 2000 578 ut
2045 526 2137 579 est
2184 517 2297 579 hoc
2341 520 2582 599 ,amicos

180 621 206 661 5
235 600 451 687 tenes‘,
519 606 727 683 quovis
780 604 912 665 loco
968 612 1140 683 aptus
1196 612 1314 686 est,
1380 605 1523 665 dum
1576 605 1761 665 semel
1812 614 2097 687 ponatur3
2163 608 2414 669 iteratus
2482 614 2583 668 aut

236 696 618 755 continuatus
663 711 981 753 numerum
1027 701 1299 772 apertum
1355 700 1416 753 et
1469 695 1647 754 nimis
1700 696 1995 773 insignem
2050 696 2207 756 facit.
2307 695 2413 757 His
2440 691 2565 776 65,
2585 706 2693 755 219

233 785 420 863 igitur
465 789 554 843 tot
599 780 1164 843 commutationibus
1209 792 1446 861 tamque
1496 784 1671 843 variis
1719 784 1771 843 si
1807 789 2065 866 utemur,
2112 803 2223 844 nec
2254 784 2579 863 deprehen-

235 872 413 933 detur
458 871 772 941 manifesto
818 870 879 931 id
927 870 1085 949 quod
1133 889 1166 930 a
1209 869 1382 931 nohis
1437 870 1513 931 de
1567 870 1859 932 industria
1914 872 2041 953 fiet,
2107 882 2167 933 et
2229 880 2582 933 occurretur

237 962 509 1021 satietati.
600 958 678 1019 Et
722 961 862 1038 quia
907 978 1028 1019 non
1074 977 1324 1020 numero
1373 959 1565 1025 solum
1592 978 1911 1020 numerosa
1939 963 2145 1043 oratio,
2192 961 2297 1021 sed
2335 970 2397 1022 et
2424 979 2579 1022 com·

159 1066 210 1105 10
237 1050 534 1129 positione
579 1048 646 1108 fit
690 1058 752 1108 et
796 1066 1034 1128 genere,
1081 1048 1240 1127 quod
1286 1056 1422 1109 ante
1452 1048 1677 1109 dictum
1706 1057 1815 1129 est,
1862 1051 2279 1112 concinnitatis
2308 1083 2392 1093 —
2423 1068 2580 1111 com-

237 1140 532 1219 positione
577 1144 776 1216 potest
820 1136 1104 1218 intellegi,
1151 1155 1287 1197 cum
1329 1139 1412 1197 ita
1459 1144 1687 1197 structa
1733 1136 1910 1198 verba
1958 1146 2124 1220 sunt,
2182 1147 2249 1199 ut
2294 1157 2581 1200 numerus

238 1245 360 1287 non
406 1228 739 1306 quaesituS,
794 1225 899 1285 sed
945 1228 1073 1304 ipse
1121 1232 1364 1286 secutus
1413 1244 1544 1293 esse
1591 1225 1885 1307 videatur,
1949 1234 2037 1287 111,
2072 1228 2227 1306 apud
2274 1226 2581 1289 Crassum:

235 1334 392 1398 ,nam
438 1314 541 1375 uhi
586 1313 789 1375 lubido
837 1314 1190 1395 dominatur,
1235 1316 1609 1375 innocentiae
1654 1314 1783 1375 leve
1827 1316 2191 1394 praesidium
2236 1311 2373 1377 est‘:
2435 1315 2581 1376 ordo

240 1406 398 1465 enim
455 1403 777 1464 verborum
842 1403 1026 1463 efficit
1083 1421 1401 1463 numerum
1462 1404 1591 1463 sine
1660 1402 1777 1463 ulla
1837 1412 2039 1483 aperta
2098 1407 2353 1465 oratoris
2411 1405 2581 1465 indu·

163 1511 214 1552 15
242 1495 387 1554 stria
429 1512 546 1553 ——z
605 1494 805 1570 itaque
840 1494 906 1567 ¹si
951 1510 1102 1570 quae
1148 1499 1379 1552 veteres
1425 1491 1511 1552 illi
1556 1484 1955 1573 (Herodotum
1998 1492 2131 1554 dico
2179 1501 2241 1554 et
2286 1493 2579 1573 Thucydi-

240 1582 374 1642 dem
421 1589 724 1659 totamque
771 1598 900 1641 eam
946 1574 1228 1663 aetatem)
1287 1588 1422 1659 apte
1479 1598 1915 1660 numeroseque
1972 1581 2276 1663 dixerunt,
2335 1601 2405 1642 ea
2462 1600 2583 1641 non

239 1688 490 1731 numero
537 1671 835 1751 quaesite,
890 1669 995 1729 sed
1041 1669 1361 1730 verborum
1407 1668 1791 1730 collocatione
1852 1671 2215 1732 ceciderunt.
2304 1670 2554 1731 Formae
2586 1683 2693 1732 220

239 1777 378 1819 vero
426 1757 714 1837 quaedam
761 1765 902 1818 sunt
946 1760 1249 1839 orationis,
1293 1759 1358 1817 in
1405 1757 1623 1837 quibus
1670 1776 1739 1818 ea
1784 1761 2154 1819 concinnitas
2202 1767 2321 1839 est,
2374 1766 2444 1820 ut
2492 1778 2581 1819 se·

241 1854 456 1927 quatur
502 1864 789 1918 numerus
843 1848 1199 1908 necessarie.
1298 1845 1444 1906 Nam
1502 1864 1640 1907 cum
1693 1855 1796 1908 aut
1850 1865 1957 1926 par
2002 1851 2130 1927 pari
2176 1848 2438 1909 refertur
2483 1855 2587 1908 aut

241 1999 712 2058 eminentissimos
757 1998 1094 2055 Graecorum
1139 2001 1224 2053 est
1273 2016 1358 2055 86-

241 2072 425 2141 cutus)
464 2073 698 2140 excepto
735 2070 887 2139 quod
929 2088 1030 2139 pes
1065 2070 1208 2125 mihi
1242 2072 1357 2125 tres

242 2142 490 2213 syllabas
561 2157 676 2196 808
760 2141 985 2196 videtur
1065 2142 1356 2207 excedere3

242 2230 586 2283 quamquam
635 2212 734 2267 ille
795 2229 1010 2281 paeane
1073 2211 1357 2268 (106111810-

243 2302 368 2355 que,
407 2299 644 2354 quorum
678 2282 832 2366 prior
866 2283 926 2339 in
955 2286 1240 2354 quattuor,
1277 2300 1356 2340 se-

242 2357 452 2412 cundus
501 2355 561 2410 in
610 2356 854 2426 quinque
909 2356 1174 2425 excurrit,
1230 2359 1358 2411 uta-

240 2430 346 2483 tur.
435 2426 557 2481 Nec
605 2429 794 2482 tamen
845 2427 968 2496 ipse
1019 2426 1355 2494 dissimulat,

242 2497 580 2568 quibusdam
641 2513 900 2552 numeros
961 2497 1166 2566 videri,
1246 2515 1360 2554 non

239 2569 436 2652 pedes,
492 2585 672 2636 neque
719 2568 1026 2636 1811861111ος
1085 2540 1360 2638 quidquid

241 2641 393 2696 enim
430 2657 598 2710 supra
631 2642 746 2694 tres
783 2639 1044 2708 syllabas,
1080 2639 1141 2694 id
1177 2643 1264 2694 est
1290 2655 1360 2694 ex

241 2711 496 2780 pluribus
531 2710 783 2780 pedibus.

315 2789 364 2838 6
401 2783 669 2851 insiyncm
715 2800 782 2835 zu
819 2779 1126 2836 auffallend
1171 2780 1240 2834 de
1279 2796 1358 2836 or.

242 2853 339 2923 ΙΠ,
383 2859 482 2908 182
521 2856 652 2908 sunt
686 2851 932 2922 insignes
975 2851 1358 2922 percussiones

245 2941 438 2981 60111111
473 2939 828 2978 numerorum
873 2922 994 2991 (des
1027 2921 1260 2977 Jambus
1303 2941 1358 2976 11.

245 2996 565 3065 Troohaus).

315 3073 365 3122 7.
421 3066 932 3122 commutationibus
977 3070 1111 3130 209;
1175 3065 1360 3134 deprc-

241 3138 508 3198 hcndetur
547 3135 708 3192 Catil.
747 3137 843 3206 IH,
881 3143 915 3191 4
950 3141 1014 3190 ut
1049 3137 1176 3192 tota
1206 3152 1330 3190 res.

243 3225 278 3263 a
313 3208 475 3264 vobis
509 3207 804 3263 manifesto
841 3207 1360 3290 deprehenderetur.

243 3279 350 3334 Die
395 3278 764 3348 Anwendung
813 3278 914 3333 der
963 3277 1240 3333 industria
1287 3294 1362 3332 88

245 3351 368 3406 81611
401 3349 480 3404 ist
515 3366 656 3430 ganz
694 3350 753 3404 in
790 3349 890 3404 der
904 3349 1189 3419 ordnung,
1227 3348 1362 3404 aber

243 3439 378 3476 man
413 3421 564 3476 darfs
600 3419 758 3474 nicht
790 3420 1037 3490 mei-ken,
1073 3421 1180 3474 wie
1216 3421 1362 3475 oben

249 3499 351 3547 195
388 3495 456 3546 ut
490 3491 562 3546 de
605 3490 882 3546 industria
910 3491 1142 3546 ‘factum
1187 3508 1362 3560 appa-

244 3569 365 3620 reat
399 3561 515 3616 und
559 3561 745 3632 gleich
791 3561 1037 3616 hernach
1083 3562 1199 3618 8186
1244 3562 1364 3616 ulla

246 3639 443 3718 operta
498 3633 733 3688 oratoris
781 3632 1079 3688 industria.
1175 3633 1365 3688 Daher

245 3706 321 3762 ist
380 3704 494 3759 wol
548 3716 617 3787 zu
665 3705 818 3760 lesen
865 3705 929 3758 id
985 3704 1132 3773 quod
1169 3735 1233 3742 —
1273 3704 1366 3771 fiet

247 3794 390 3847 ganz
445 3774 554 3830 wie
601 3775 661 3833 in
706 3775 806 3830 der
839 3774 1247 3830 Parallelstelle
1295 3774 1364 3828 de

249 3864 326 3902 or.
378 3847 483 3916 ΙΠ,
537 3853 639 3900 193
700 3847 915 3928 horum·
952 3845 1364 3928 vicissitudines

249 3918 512 3988 efficient,
547 3922 614 3972 ut
647 3933 830 3986 neque
867 3916 919 3972 ei
956 3916 1232 3972 satientur
1267 3916 1364 3986 qui

251 3991 485 4044 audient
533 3988 761 4054 fastidio
817 3982 1200 4044 similitudinis
1262 4003 1366 4042 866

250 4078 352 4116 808
385 4061 448 4115 id
487 4061 632 4129 quod
676 4060 939 4127 faciemus
975 4075 1146 4128 opera
1179 4059 1370 4114 dedita

249 4133 428 4198 facere
461 4133 744 4186 videamur
781 4149 822 4185 s.
863 4130 916 4184 d.
952 4129 1083 4184 krit.
1121 4131 1265 4184 Anh.

322 4209 374 4256 9.
413 4203 792 4271 compositione
832 4207 950 4256 149.
991 4207 1113 4256 202.
1177 4217 1367 4272 ycncrc

250 4276 356 4328 eto.
399 4278 518 4328 181.
557 4279 678 4328 202.
720 4279 838 4328 164.

326 4350 408 4400 10.
459 4344 840 4414 compositione
885 4345 989 4400 etc.
1034 4343 1126 4400 die
1161 4345 1368 4398 Paren-

1463 1998 1623 2055 these
1674 1998 1831 2053 dient
1880 1999 2047 2069 dazu,
2111 2018 2207 2054 um
2269 2017 2342 2055 an
2401 1999 2586 2055 einem

1461 2069 1711 2138 Beispiel
1758 2088 1828 2124 zu
1876 2070 2086 2140 wigen,
2136 2070 2242 2127 wie
2294 2071 2385 2125 die
2430 2070 2586 2126 Rede

1464 2140 1640 2195 durch
1676 2139 1767 2195 die
1804 2139 2189 2210 Composition
2232 2141 2585 2212 rhythmisch

1462 2212 1687 2267 werden
1722 2212 1925 2267 kenne-
1969 2218 2179 2267 structa
2218 2219 2337 2267 149.
2374 2219 2461 2268 20.

1540 2288 1621 2339 12.
1658 2299 1773 2338 non
1818 2285 2097 2354 quaesitus
2134 2286 2407 2352 etc.165;
2471 2286 2589 2354 ipse

1463 2373 1578 2412 von
1624 2356 1801 2410 selbst
1852 2356 1923 2410 de
1973 2372 2050 2413 or.
2088 2355 2185 2425 ΙΠ,
2228 2361 2327 2411 182
2384 2359 2590 2411 natura

1467 2457 1536 2466 --
1566 2427 1857 2480 incurrunt
1889 2425 2001 2496 ipsi
2036 2427 2097 2481 in
2135 2427 2447 2483 orationem
2474 2443 2585 2482 ser-

1466 2513 1803 2566 monemque
1842 2499 2111 2553 nostrum.

1540 2569 1692 2650 apud
1767 2568 2054 2635 Crassum,
2125 2568 2587 2624 wahrscheinlich

1467 2655 1567 2693 aus
1606 2638 1783 2694 861861
1818 2640 2151 2694 beriihmten
2185 2639 2267 2694 im
2293 2641 2326 2694 J
2328 2641 2463 2695 ahre
2482 2646 2585 2694 106

1466 2710 1807 2847 {chaltenen
1865 2711 2048 2765 suasio
2102 2710 2247 2781 legis
2300 2709 2586 2766 Serviliae.

1505 2797 1536 2836 e
1576 2797 1653 2840 or.
1691 2782 1717 2834 Ι
1772 2774 1895 2834 225.

1542 2857 1625 2905 13.
1672 2867 1803 2906 nam
1846 2852 1947 2906 ubi
1992 2853 2097 2906 etc
2174 2851 2363 2918 Quint
2400 2851 2497 2920 IX,
2535 2857 2586 2918 4,

1472 2928 1571 2977 109
1624 2939 1737 2978 808
1786 2922 2013 2992 quidem
2062 2921 2275 2993 optime
2334 2926 2423 2978 est
2480 2893 2592 2976 sibi

1466 2994 1689 3048 iunctus
1724 2996 2075 3064 anapaestus,
2113 2996 2179 3048 ut
2214 2993 2311 3063 qui
2348 2994 2425 3048 sit
2450 3011 2588 3064 pen-

1466 3064 1697 3120 tametri
1730 3064 1872 3135 finis,
1910 3065 2002 3120 vel
2036 3065 2333 3134 rhythmus
2363 3065 2460 3134 qui
2488 3081 2589 3118 no-

1467 3153 1599 3190 men
1632 3136 1705 3190 ab
1744 3151 1809 3192 eo
1846 3137 2043 3192 traxit:
2092 3153 2242 3205 ,nam
2277 3135 2375 3191 ubi
2410 3135 2586 3191 libido

1468 3207 1812 3276 dominatur,
1866 3206 2219 3262 innocentiae
2263 3207 2386 3262 leve
2432 3223 2588 3278 prae-

1469 3277 1676 3332 sidinm
1714 3281 1851 3343 est‘3
1917 3295 2049 3332 nam
2096 3278 2391 3348 synaliphe
2432 3279 2590 3346 facit,

1468 3351 1535 3404 ut
1569 3349 1715 3404 duae
1750 3349 1985 3404 ultimae
2034 3349 2287 3418 syllabae
2329 3366 2433 3418 pro
2477 3366 2593 3402 una

1469 3422 1683 3475 sonent.
1792 3419 1993 3475 Melior
2060 3419 2159 3474 fiet
2220 3420 2589 3490 praecedente

1470 3491 1715 3560 spondeo
1751 3492 1844 3546 vel
1878 3491 2111 3546 bacchio
2131 3533 2145 3558 ,
2199 3493 2265 3545 ut
2314 3491 2361 3546 si
2410 3495 2594 3544 mutes

1469 3561 1623 3617 idem
1661 3562 1801 3631 ,leve
1844 3561 2199 3617 innocentiae
2245 3561 2592 3631 praesidium

1471 3635 1592 3688 est.‘

1546 3709 1630 3758 15.
1685 3705 1869 3772 itaque
1904 3703 1979 3758 ist
2014 3702 2443 3773 eingeschoben,
2492 3721 2592 3757 um

1471 3774 1563 3830 die
1616 3774 1791 3828 durch
1839 3773 1929 3828 die
1978 3775 2207 3843 langere
2250 3774 2591 3829 Parenthese

1469 3845 1911 3900 unterbrochene
1946 3845 2100 3900 Rode
2145 3844 2353 3900 wieder
2398 3845 2593 3898 8111811-

1470 3916 1729 4038 86111868,
1765 3915 1880 3985 vgl.
1918 3915 2177 3985 Madvigs
2214 3916 2311 3971 lat.
2339 3915 2593 3986 Sprachl.

1549 4065 1631 4113 16.
1693 4063 1818 4127 apte
1871 4063 1989 4112 149.
2062 4059 2369 4112 ceciderunt
2432 4056 2593 4112 hatte

1470 4129 1896 4200 rhythmisehen
1933 4129 2157 4184 Tonfall
2196 4135 2313 4184 168.

1549 4206 1632 4255 17.
1660 4201 1869 4268 formae
1894 4201 2182 4269 orationi-3,
2221 4194 2478 4268 σχήματα
2504 4197 2593 4252 λέ-

1476 4272 1615 4338 ξεως
1654 4277 1773 4326 164.
1814 4277 1933 4326 181.
1974 4277 2094 4325 135.

1551 4348 1633 4400 19.
1664 4359 1778 4413 par
1801 4344 1935 4413 pari
1960 4342 2060 4398 das
2082 4336 2339 4411 παρισον,
2376 4344 2593 4396 contra-
