2949 4647
1011 18 1308 119 ORATOR
1345 69 1430 118 52.
1473 62 1771 121 176—177.
2447 46 2580 134 125

193 231 380 292 enim
434 237 505 290 ut
557 231 622 290 in
680 229 1113 290 transferendis
1169 230 1577 310 faciendisque
1630 230 1829 292 verbis
1893 232 2299 315 tranquillior,
2364 237 2450 296 sic
2514 238 2577 296 in

190 321 363 398 ipsis
411 321 683 379 numeris
711 318 1010 380 sedatior.
1102 318 1348 398 Gorgias
1394 329 1596 380 autem
1642 319 1866 380 avidior
1914 329 2007 382 est
2050 325 2292 400 generis
2338 325 2469 385 eius
2516 333 2579 384 et

195 411 302 468 eis
351 406 778 468 festivitatibus
825 402 942 488 (sic
990 409 1150 468 enim
1193 409 1324 486 ipse
1371 401 1611 490 censet)
1662 408 2021 470 insolentius
2077 409 2370 491 abutitur,
2424 430 2575 490 quas

196 495 516 556 Isocrates
524 543 543 577 ,
601 513 737 556 cum
785 503 984 556 tamen
1031 495 1295 556 audisset
1339 498 1402 556 in
1450 495 1755 558 Thessalia
1800 495 2150 560 adulescens
2207 517 2412 561 senem
2458 503 2577 561 iam

125 597 166 638 5
199 584 528 664 Gorgiam,
588 584 953 645 moderatius
1001 586 1179 645 etiam
1223 587 1591 664 temperavit.
1702 584 1861 656 Quin
1918 588 2097 647 etiam
2152 605 2217 647 se
2270 590 2399 666 ipse
2448 596 2576 650 tan-

199 683 376 754 tum,
443 680 732 752 quantum
797 679 988 734 aetate
1053 672 1442 755 procedebat,
1506 668 1721 754 (prope
1786 676 1947 734 enim
2012 682 2251 736 centum
2318 677 2577 746 confecit

199 755 440 844 annos)
489 761 780 822 relaxarat
825 780 860 822 a
905 763 1086 823 nimia
1131 764 1489 823 necessitate
1536 781 1952 844 numerorum,
2000 763 2157 842 quod
2206 763 2474 825 declarat
2510 767 2573 826 in

193 869 286 912 eo
337 849 514 930 libro,
561 868 744 928 quem
787 849 859 910 ad
905 849 1248 930 Philippum
1293 849 1678 912 Macedonem
1724 853 1981 934 scripsit,
2028 870 2167 913 cum
2210 855 2328 914 iam
2374 853 2573 914 admo-

197 940 364 1001 dum
412 946 571 1000 esset
617 956 828 1020 senex;
893 941 956 999 in
1018 957 1136 1017 quo
1196 939 1343 999 dicit
1402 957 1534 1000 sese
1597 936 1795 1000 min'us
1854 941 1972 1000 iam
2032 941 2259 1002 servire
2306 944 2573 1004 numeris

105 1043 176 1082 xo
207 1045 406 1108 quam
449 1027 660 1088 solitus
707 1034 885 1089 esset.
976 1026 1064 1088 Ita
1109 1045 1231 1088 non
1277 1026 1454 1088 modo
1502 1030 1872 1110 superiores,
1933 1029 2037 1090 sed
2098 1031 2276 1092 etiam
2333 1047 2397 1090 se
2444 1032 2573 1110 ipse

207 1125 586 1178 correxerat.
1524 1156 1527 1158 ψ

403 1204 696 1275 Quoniam
741 1206 924 1283 igitur
970 1202 1259 1266 habemus
1295 1212 1464 1284 aptae
1496 1205 1779 1266 orationis
1808 1223 1913 1264 eos
1940 1207 2243 1284 principes
2280 1224 2417 1268 auc·
2448 1201 2553 1286 53,
2576 1203 2678 1252 177

206 1304 506 1372 toresque
554 1310 704 1371 quos
751 1292 1008 1354 diximus
1057 1302 1116 1353 et
1163 1295 1328 1372 origo
1375 1295 1615 1354 inventa
1642 1301 1753 1375 est,
1800 1311 1977 1356 causa
2006 1301 2342 1371 quaeratur.
2408 1293 2573 1364 Quae

211 1386 310 1444 sic
356 1389 564 1462 aperta
609 1389 726 1461 est,
791 1390 860 1442 ut
913 1383 1099 1442 mirer
1153 1389 1389 1442 vete-res
1443 1399 1565 1443 non
1622 1399 1751 1442 esse
1808 1389 2137 1444 commotos
2144 1429 2164 1462 ,
2219 1384 2575 1462 praesertim

114 1485 183 1526 15
213 1489 382 1552 cum,
429 1479 497 1531 ut
540 1470 626 1550 fit,
671 1471 918 1531 fortuito
967 1487 1142 1549 saepe
1181 1469 1402 1548 aliquid
1441 1469 1722 1532 concluse
1760 1477 2013 1550 apteque
2052 1471 2338 1533 dicerent.
2400 1470 2573 1540 Quod

211 1578 360 1621 cum
407 1561 636 1619 animos
679 1557 988 1618 hominum
1035 1576 1329 1637 auresque
1385 1558 1744 1639 pepulisset,
1810 1566 1878 1619 ut
1932 1558 2197 1637 intellegi
2251 1566 2455 1638 posset
2510 1558 2573 1618 id

209 1648 378 1728 quod
439 1665 613 1708 casus
673 1646 982 1708 effudisset
1047 1647 1334 1708 cecidisse
1401 1646 1690 1727 iucunde,
1762 1646 2088 1713 notandum
2152 1655 2315 1708 certe
2384 1665 2573 1726 genus

213 1746 404 1814 atque
449 1737 564 1816 ipsi
608 1733 726 1796 sibi
771 1735 1044 1796 imitandi
1087 1737 1348 1796 fuerunt.
1449 1735 1643 1796 Aures
1698 1738 1857 1798 enim
1910 1734 2003 1796 vel
2058 1737 2291 1797 animus
2338 1737 2573 1796 aurium

211 1827 433 1886 nuntio
483 1823 812 1886 naturalem
860 1823 1152 1903 quandam
1198 1827 1261 1884 in
1309 1841 1372 1884 se
1421 1826 1690 1884 continet
1734 1841 1946 1884 vocum
2002 1825 2267 1885 omnium
2312 1825 2569 1884 mensio-

111 1930 186 1969 20
215 1932 376 1974 nem.
444 1911 650 1991 Itaque
699 1919 762 1972 et
805 1911 1073 1992 longiora
1119 1921 1180 1973 et
1224 1912 1499 1974 breviora
1544 1912 1766 1974 iudicat
1810 1920 1871 1972 et
1915 1911 2181 1991 perfecta
2228 1930 2297 1972 ac
2343 1912 2543 1973 mode·
2576 1924 2677 1972 178

1449 2116 1654 2187 quibus
1692 2115 1924 2172 summis
1958 2115 2047 2171 uti
2082 2115 2327 2183 solebas,
2364 2115 2571 2186 cotidie

1447 2191 1661 2244 relaxes
1710 2187 1951 2258 aliquid3
2018 2205 2055 2242 a
2088 2188 2267 2241 nimia
2303 2189 2410 2242 etc.
2460 2203 2573 2241 von

1450 2259 1552 2314 der
1600 2258 2023 2330 iibermassigen
2070 2258 2305 2329 Strenge
2358 2257 2419 2314 in
2474 2257 2575 2312 der

1448 2330 1859 2401 Beobachtung
1896 2330 1993 2386 des
2027 2330 2363 2399 Rhythmus.

294 2127 341 2174 1.
390 2119 456 2174 in
507 2118 904 2185 transferendis
950 2125 1047 2187 81,
1109 2119 1190 2172 im
1235 2119 1342 2178 Ge-

211 2190 432 2246 brauch
475 2189 954 2259 metaphorischer
997 2190 1341 2260 Ausdn‘icke,

213 2261 490 2330 faciendis
560 2260 621 2316 in
693 2261 793 2316 der
853 2260 1102 2333 Bildung
1170 2277 1343 2318 neuer

214 2334 444 2388 W6rter
479 2333 550 2387 de
587 2348 666 2387 or.
701 2333 798 2400 III,
838 2337 941 2386 170
991 2334 1090 2388 aut
1132 2333 1344 2400 factum

217 2404 333 2473 (vel
368 2402 758 2459 coniunctione
794 2403 886 2457 vel
920 2403 1194 2474 novitate)
1243 2400 1344 2458 aut

207 2474 572 2530 tmnglassum‚
1522 2439 1578 2509 β)
1625 2436 1853 2493 Grund
1889 2436 2022 2490 und
2057 2435 2573 2506 Veranlassuug

291 2552 340 2599 3.
377 2546 769 2615 festivitatibus
805 2545 1066 2613 ‚marma
1111 2544 1338 2605 Flittet-
1451 2513 1483 2574 5
1524 2512 1826 2563 177-178·

217 2619 400 2691 statat‘⁶
439 2618 874 2686 καλλωπίσματα
924 2615 1037 2685 vgl.
1078 2621 1146 2670 39
1199 2614 1340 2670 deli·
1524 2620 1607 2669 12.
1656 2618 1821 2682 aptae
1867 2612 1921 2666 d.
1967 2612 2024 2666 11.
2069 2625 2397 2665 numerosae
2450 2615 2569 2665 149.

210 2688 366 2754 ciae;
427 2688 511 2742 sie
561 2704 636 2744 sc.
687 2688 790 2741 has
850 2680 1188 2756 παρισώσεις
1241 2686 1341 2741 καὶ
1451 2690 1571 2739 191.

214 2758 644 2828 παρονομασίας
657 2757 757 2811 καὶ
792 2753 1132 2825 ἀντιθέσεις,
1171 2751 1235 2810 ἐν
1250 2756 1342 2819 αἷς

222 2825 557 2896 ἐπλεόνασε,
589 2828 940 2911 festivitates
977 2844 1128 2895 ess03
1191 2828 1339 2885 inse.-

210 2902 420 2955 lentius
491 2905 560 2954 25
645 2918 708 2954 m
777 2918 848 2953 zu
921 2899 1339 2953 iibertriebener

215 2970 501 3096 WZithm
536 3046 719 3095 tamen
752 3041 1030 3097 trotzdem
1066 3006 1230 3106 das's3
1264 3056 1340 3093 se·

207 3129 366 3178 nem,
419 3128 510 3167 wo
547 3112 640 3167 die
675 3110 1092 3167 Productivitat
1125 3111 1206 3164 im
1242 3111 1340 3165 Er·

221 3184 450 3238 leschen
483 3200 602 3239 war
637 3181 752 3237 und
771 3182 1008 3251 Gorgias
1034 3181 1207 3237 schon
1243 3199 1341 3235 um

213 3254 400 3309 *seines
460 3254 648 3309 hohen
700 3252 1093 3308 Lebensalters
1148 3252 1341 3307 willen
1410 3273 1419 3282 ·

222 3342 333 3380 von
394 3324 496 3379 der
542 3323 890 3394 Ueppigkeit
951 3324 1052 3378 der
1112 3322 1340 3379 Diction

218 3395 625 3466 nachgelassen
679 3394 864 3462 hatte,
917 3392 1184 3449 wahrend
1226 3394 1340 3448 Iso·

221 3468 409 3522 krates
446 3466 589 3521 eben
635 3466 697 3520 in
748 3466 929 3521 voller
961 3464 1130 3519 Bliite
1175 3464 1342 3519 stand

213 3538 608 3608 (adulescens).
1331 3572 1334 3579 -

294 3614 340 3663 5.
378 3608 544 3662 etiam
578 3606 640 3661 in
675 3606 822 3662 noch
857 3606 1128 3661 h6herem
1157 3605 1339 3661 Grada

213 3679 308 3734 als
342 3678 442 3733 der
477 3678 659 3748 greise
680 3678 936 3748 Gorgias,
973 3679 1074 3733 der
1107 3677 1193 3732 als
1229 3677 1337 3732 sol-

214 3750 352 3805 cher
388 3750 537 3804 doch
555 3748 717 3803 *auch
752 3748 1000 3804 ohnehin
1035 3748 1208 3803 echon
1235 3748 1340 3802 has

211 3820 560 3877 festivitates
595 3820 884 3875 moderate
917 3818 1290 3887 temperabat.

295 3898 340 3946 7.
395 3892 686 3945 relaxarat
748 3890 1102 3957 allmahlich‚
1169 3890 1342 3945 schon

231 3962 326 4017 ebe
361 3978 424 4017 er
459 3962 551 4018 die
603 3961 792 4033 gleich
847 3980 918 4016 zu
971 3960 1341 4017 erwahnende

232 4033 432 4088 Schrist
487 4032 749 4087 abfasste.
817 4032 886 4088 de
933 4033 1042 4103 leg.
1079 4031 1122 4100 Ι,
1162 4037 1227 4086 11
1277 4032 1345 4085 ut

227 4103 692 4175 quemadmodum
740 4102 974 4158 Roscius
1023 4132 1087 4143 -—
1145 4101 1206 4155 in
1259 4118 1342 4156 se-

229 4177 446 4230 nectute
481 4190 744 4229 numeros
780 4174 842 4229 in
869 4174 1038 4229 cantu
1064 4172 1344 4227 reciderat

225 4246 482 4315 ipsasque
517 4245 794 4300 tardiores
820 4245 1034 4300 fecerat
1049 4242 1222 4299 tibias
1251 4242 1342 4311 (de

217 4334 302 4373 or.
325 4319 369 4387 1,
397 4318 544 4387 254),
581 4316 661 4371 sic
696 4318 763 4371 tu
799 4333 834 4371 a
872 4314 1339 4383 contentionibus,

1523 2761 1609 2809 14.
1648 2758 1932 2809 commotos
1986 2769 2059 2807 sc.
2110 2769 2191 2817 ea,
2246 2768 2363 2806 was
2414 2750 2567 2806 viell.

1447 2825 1795 2895 ausgefallen
1842 2824 1919 2879 ist
1934 2865 1947 2892 ,
1998 2822 2229 2879 ahnlich
2277 2822 2385 2877 wie
2434 2827 2465 2888 ξ
2502 2827 2569 2877 39

1447 2897 1635 2953 davon
1686 2896 1936 2965 beriihrt,
1987 2894 2040 2951 d.
2087 2895 2143 2949 h.
2196 2892 2571 2949 aufmerksam

1449 2968 1765 3039 geworden.

1526 3045 1607 3093 15.
1645 3038 1877 3106 fortuito
1915 3042 2020 3091 170
2057 3053 2215 3104 casu3
2255 3040 2377 3089 186.
2414 3035 2572 3090 Brut.

1449 3116 1548 3176 333
1586 3111 1833 3164 concluse
1870 3115 1955 3163 20.

1523 3187 1608 3235 16.
1638 3181 1938 3249 pepulisset
1976 3184 2061 3235 15.

1524 3258 1609 3307 17.
1645 3252 1921 3319 effudisset
1956 3250 2102 3303 ohne
2130 3246 2319 3315 wahl,
2354 3246 2462 3301 wie
2498 3246 2570 3301 de

1449 3338 1527 3377 or.
1565 3322 1609 3390 1,
1649 3327 1750 3376 159
1790 3320 1961 3375 effudi
2004 3318 2166 3374 vobis
2212 3316 2425 3383 omnim
2471 3317 2569 3385 ΠΙ,

1449 3398 1585 3460 2085
1650 3393 1901 3449 cecidisse
1964 3390 2129 3445 einen
2182 3390 2570 3459 angenehmen

1450 3463 1680 3519 Tonfall
1705 3463 1915 3533 gehabt
1940 3466 2057 3517 168.

1518 3536 1825 3589 notandum
1851 3533 2009 3587 hatte
2038 3545 2172 3584 man
2198 3528 2345 3583 doch
2374 3527 2569 3597 jeden·

1446 3605 1577 3661 falls
1603 3605 1713 3659 den
1741 3600 2116 3673 allgemeinen
2136 3597 2445 3654 Charakter
2472 3597 2571 3653 des

1445 3675 1764 3745 Rhythmus
1811 3674 1900 3727 ins
1945 3674 2105 3741 Auge
2150 3670 2337 3725 fassen
2390 3669 2570 3724 sollen

1451 3750 1839 3802 183.186.203.
1880 3744 1949 3798 de
1978 3760 2056 3797 or.
2085 3742 2128 3811 Ι,
2147 3747 2249 3797 189
2276 3742 2400 3795 tum
2438 3742 2571 3795 sunt

1448 3816 1695 3873 notanda
1730 3831 1953 3885 genera.

1522 3894 1607 3943 19.
1652 3888 1978 3941 mensionem
2016 3890 2081 3939 67
2132 3882 2284 3952 quod
2331 3883 2436 3938 sub
2472 3898 2567 3936 au-

1447 3958 1593 4015 rium
1630 3973 1949 4012 mensuram
1985 3955 2235 4025 aliquam
2271 3953 2451 4009 cadat.

1522 4034 1610 4084 20.
1666 4029 1883 4085 iudicat
1930 4026 2037 4081 wie
2084 4026 2242 4080 Brut.
2282 4030 2351 4079 34
2406 4040 2569 4078 aures

1447 4100 1607 4170 ipsae
1644 4099 1778 4168 quid
1815 4098 2073 4169 plenum,
2120 4096 2256 4165 quid
2291 4096 2457 4149 inane
2496 4092 2571 4148 sit

1449 4170 1725 4237 iudicant3
1789 4169 2037 4238 perfecta
2109 4184 2183 4221 an
2254 4163 2383 4221 dem
2447 4165 2568 4219 also

1449 4242 1637 4297 nichts
1673 4241 1821 4297 fehlt
1840 4246 1974 4307 1683
2011 4240 2292 4294 moderata
2328 4252 2402 4291 an
2439 4236 2569 4291 dem

1447 4311 1879 4369 nichtsiiberhin
1888 4311 1963 4367 ist
1976 4317 2094 4367 168.
2110 4314 2226 4365 182.
2239 4307 2311 4362 de
2321 4307 2569 4377 or.11,34.
