2949 4647
329 112 456 176 164

320 288 426 343 que
479 271 752 339 veneficiis
799 276 848 325 et
903 270 1253 325 cantionibus
1303 268 1441 323 Titi-
1498 324 1502 329 ,

320 343 694 470 4⁶:⁶52sz
689 339 1444 495 assues-grass}

322 485 469 541 noch
506 484 630 540 eine
666 484 854 541 starke
880 484 1062 539 Probe
1099 498 1280 538 semer
1306 482 1440 537 Ver·

321 554 688 627 gesslichkeit
721 572 810 611 an.

395 663 681 719 Peliacus
718 666 842 731 232,
885 660 1054 716 Delos
1091 677 1208 715 war
1244 660 1439 717 beson-

321 734 451 791 ders
487 749 684 803 wegen
721 732 903 788 seiner
937 732 1345 787 Kunstschatze
1382 731 1443 788 in

321 804 680 861 Erzarbeiten
717 802 983 859 berflhmt
1017 802 1174 859 Verr.
1212 804 1257 870 Ι,
1291 808 1378 858 46.

394 875 688 931 Βοιιιῦᾱοε
726 881 814 943 90,
849 891 950 930 aus
971 874 1177 941 Athen,
1213 873 1313 929 der
1349 890 1441 945 ge-

321 946 649 1001 fflhrlichste
695 944 918 1016 Gegner
972 945 1068 1001 des
1112 944 1442 1001 Demosthe·

322 1035 439 1086 nes,
475 1019 634 1073 hatte
669 1016 787 1072 sich
814 1016 992 1071 durch
1020 1016 1137 1071 sein
1167 1014 1441 1071 entechie-

325 1088 494 1146 denes
531 1088 904 1143 oratorisches
940 1086 1145 1143 Talent
1189 1102 1290 1143 aus
1326 1084 1443 1141 nie-

323 1159 513 1215 derem
553 1158 763 1215 Stande
808 1178 878 1214 zu
923 1157 1076 1214 einer
1113 1157 1441 1213 einflussrei·

270 1287 274 1293 ,
325 1232 468 1286 chen
512 1229 774 1301 Stellung
819 1228 1313 1300 emporgeschwun
1359 1246 1442 1284 en.

323 1302 400 1357 Er
436 1301 670 1372 gehorte
706 1300 804 1357 der
831 1299 1295 1357 macedonischen
1361 1318 1444 1355 ar·

323 1372 404 1428 tei
439 1389 512 1427 an
559 1372 676 1427 und
720 1372 888 1428 stand
929 1371 988 1427 in
1024 1370 1281 1441 Philipps
1325 1372 1443 1425 und

321 1443 666 1501 Alexanders
706 1442 857 1498 Sold.
941 1442 1071 1498 Sein
1109 1442 1232 1497 Tod
1267 1442 1443 1499 durch

322 1514 621 1587 Antipater
680 1514 814 1569 faut
874 1514 935 1569 in
985 1513 1086 1569 das
1130 1513 1269 1569 Jahr
1319 1519 1441 1569 318.

319 1584 476 1641 Brut.
507 1592 576 1641 36
615 1584 770 1641 cuius
797 1586 958 1639 nulls,
976 1586 1195 1640 exstant
1213 1583 1441 1654 scripta..

324 1654 511 1723 Quint.
549 1656 678 1723 XII,
719 1662 804 1723 10,
839 1662 908 1711 49
954 1656 1014 1711 in
1061 1655 1280 1726 agendo
1328 1656 1442 1710 cla·

321 1727 570 1783 rissimos
620 1726 893 1797 quosdam
938 1726 1082 1781 nihil
1125 1725 1445 1796 posteritati

321 1797 705 1867 mansurisque
733 1815 862 1853 mox
888 1797 1096 1853 litteris
1132 1798 1237 1853 reli
1277 1798 1442 1866 uisse,

322 1872 389 1925 ut
413 1868 705 1939 Periclem,
733 1872 797 1924 ut
818 1868 1130 1925 Demadem.
1159 1868 1230 1939 ΙΙ,
1297 1874 1346 1939 7,
1377 1874 1442 1924 13

323 1957 503 2009 neque
549 1939 700 1995 enim
745 1940 1024 1997 orationes
1071 1940 1310 1995 scribere
1357 1942 1443 1995 est

319 2027 507 2067 ausus.

394 2082 740 2139 Demetrius
766 2082 1104 2139 Phalereus
1119 2088 1205 2138 92.
1222 2088 1291 2137 94
1320 2084 1441 2152 (aus

319 2153 451 2209 dem
524 2152 802 2209 attischen
874 2151 1080 2210 Demos
1152 2154 1441 2221 Phaleros)

322 2224 414 2279 ein
481 2223 714 2279 Schuler
769 2222 1192 2294 ,Tbeophrasts,
1267 2225 1442 2280 durch

319 2296 476 2352 seine
511 2294 871 2366 zehnjahrige
888 2298 1218 2366 (317-307)
1247 2296 1441 2367 glflck·

317 2366 467 2422 liche
501 2367 867 2438 Verwaltung
909 2367 1131 2423 Athens.
1167 2368 1435 2438 bekannt,

318 2437 472 2494 lebte
516 2439 704 2508 spater
746 2437 807 2492 in
843 2436 1104 2510 Oberagy
1143 2441 1241 2494 ten
1285 2437 1435 2506 (Ale-

320 2509 573 2576 xandria)
623 2508 737 2563 und
785 2509 938 2565 starb
983 2510 1116 2565 dase
1141 2511 1235 2566 bst
1269 2510 1348 2564 im
1383 2509 1434 2568 J.

318 2584 442 2636 283.
481 2580 550 2636 de
588 2597 664 2636 or.
684 2580 772 2650 ·11,
812 2586 880 2635 94
893 2579 932 2638 f.
995 2581 1300 2639 Phalereus
1335 2579 1436 2637 ille

319 2651 662 2720 Demetrius,
711 2651 958 2707 omnium
993 2652 1232 2708 istorum
1267 2651 1341 2722 (d.
1377 2651 1435 2709 h.

315 2721 418 2778 der
452 2722 1122 2778 nachdemosthenischen
1158 2723 1307 2791 Zeit,
1353 2723 1437 2778 als

319 2792 436 2848 alis.
472 2793 752 2862 quaedam
799 2793 1026 2850 dicendi
1067 2795 1321 2850 molliora
1367 2812 1436 2852 ac

316 2865 634 2928 remissiora
686 2881 894 2935 genera
941 2865 1262 2935 viguerunt)
1309 2882 1438 2921 mea

318 2935 603 2990 sententia
664 2935 1048 3004 politissimus.
1148 2937 1304 2992 Brut.
1366 2941 1434 2992 37

316 3005 622 3061 Phalereus
640 3007 907 3062 successit
929 3006 1008 3062 eis
1037 3007 1261 3062 senibus
1290 3007 1362 3077 (d.
1378 3008 1436 3063 h.

318 3076 432 3131 den
478 3079 900 3146 vorgenannten
950 3077 1276 3148 Hyperides,
1327 3080 1435 3133 Ae-

318 3148 553 3215 schines,
604 3148 858 3218 Lykurg‚
908 3147 1178 3218 Dinarch‚
1236 3149 1436 3204 Dema·

317 3218 442 3287 des)
493 3217 822 3274 adulescens
875 3219 1276 3276 eruditissimus
1335 3219 1434 3276 ille

321 3289 550 3358 quidem
599 3292 799 3345 horum
852 3290 1125 3359 omnium,
1182 3291 1281 3347 sed
1326 3309 1438 3347 non

234 3393 243 3397 -
315 3361 438 3414 tam
502 3361 672 3415 armis
733 3361 1024 3418 institutus
1064 3379 1266 3432 ·quam
1337 3379 1436 3432 pa.-

317 3431 541 3487 laestra.
634 3432 835 3502 Itaque
897 3433 1194 3489 delectabat
1255 3434 1436 3504 magis

317 3501 689 3558 Athenienses
770 3520 942 3574 quam
1029 3504 1436 3561 inflammabat.

315 3573 672 3630 Processerat
717 3575 866 3631 enim
909 3576 970 3631 in
1007 3576 1185 3632 solem
1221 3578 1281 3631 et
1313 3577 1437 3646 pul·

315 3659 509 3699 vorem
553 3661 667 3700 non
711 3648 776 3702 ut
822 3663 852 3702 e
896 3647 1130 3713 militari
1178 3647 1436 3702 taberna—

315 3715 466 3785 culo,
508 3716 607 3772 sed
650 3719 716 3773 ut
750 3734 781 3772 e
818 3717 1195 3788 Theophrasti
1229 3718 1436 3774 doctis·

318 3785 450 3842 simi
482 3787 725 3843 hominis
752 3789 1108 3845 umbraculis.
1178 3789 1287 3845 Hic
1321 3789 1436 3864 pri-

314 3875 443 3912 mus
504 3856 724 3914 inflexit
753 3857 768 3874 ⁰
794 3859 1105 3916 orationem
1179 3863 1239 3916 et
1309 3877 1436 3916 eam

315 3930 548 3985 mollem
617 3932 980 4000 teneramque
1058 3929 1305 3988 reddidit
1375 3935 1435 3988 et

311 4003 520 4067 suavis,
583 4000 729 4055 sicut
790 4001 924 4069 fuit,
988 4003 1170 4057 videri
1231 4003 1451 4060 maluit—

314 4087 490 4140 quam
565 4071 731 4138 ravis,
767 4073 866 4127 sed
892 4074 1172 4129 suavitate
1199 4090 1285 4141 ea,
1321 4091 1436 4144 qua

357 4142 518 4196 erfun
557 4143 676 4197 eret
710 4143 942 4214 animos,
992 4161 1105 4199 non
1150 4161 1264 4213 qua
1307 4161 1431 4215 per-

370 4211 384 4224 ’
426 4215 602 4282 geret.
639 4218 760 4269 285.
799 4214 869 4268 de
905 4214 996 4269 off.
1027 4216 1068 4283 Ι,
1107 4221 1139 4270 3
1178 4215 1433 4284 disputa-

314 4283 408 4336 tor
455 4283 678 4338 subtilis
693 4327 708 4352 ,
772 4287 960 4340 orator
989 4301 1210 4355 parum
1263 4287 1429 4342 vehe-

315 4369 486 4423 mens,
525 4355 704 4410 dulcis
729 4358 936 4426 tamen,
972 4360 1039 4412 ut
1056 4356 1432 4426 Theophrasti

1077 96 1577 163 ERKLKRENDE
1612 106 1923 163 INDICES.

1550 267 1889 395 {iscliptglgim
1916 266 2096 337 possis
2122 282 2437 336 agnoscere.
2480 264 2680 332 Quint.

1607 380 2007 483 ’Democritus
2044 432 2110 482 67
2150 443 2251 482 aus
2264 425 2506 488 Abdera.
2542 425 2677 509 gel).

1550 505 1657 555 400
1697 500 1831 554 oder
1867 498 2043 554 schon
2078 503 2199 567 470,
2237 496 2413 551 durch
2446 496 2679 552 vielsei-

1549 570 1668 641 tige
1704 569 2043 625 Kenntnisse
2079 568 2530 639 ausgezeichnet,
2579 584 2680 639 ge-

1510 652 1516 661 '
1550 644 1681 697 hort
1730 641 1815 697 als
1864 638 2351 710 Naturphilo'soph
2402 639 2502 693 der
2551 642 2677 694 ato-

1549 712 1877 768 mistischeu
1910 710 2199 780 Richtung
2242 726 2331 765 an.
2403 710 2476 765 de
2511 726 2591 765 or.
2628 710 2676 777 Ι,

1551 790 1621 839 42
1660 780 1994 839 Democritii
2022 812 2090 823 —
2120 780 2303 837 ornati
2338 780 2595 838 homines
2612 782 2678 837 in

1550 854 1789 911 dicendo
1826 856 1885 910 et
1920 870 2117 923 graves
2152 852 2197 923 Ι,
2234 858 2320 907 49.
2384 851 2676 908 Plutarch.

1553 944 1646 996 qu.
1692 944 1871 996 symp.
1907 924 1986 992 V,
2031 930 2062 979 7
2098 942 2153 995 p.
2194 930 2295 979 683
2341 918 2443 977 τὸν
2488 918 2677 993 ἄνδρα

1551 996 1621 1067 τῇ
1657 997 1807 1064 λέξει
1853 996 2159 1065 δαιμονίως
2205 992 2391 1064 λέγειν
2436 994 2533 1048 καὶ
2578 1014 2677 1066 με·

1551 1067 1933 1140 γαλοποεπῶς.

1622 1155 2058 1213 Demosthenes
2104 1162 2153 1210 6.
2204 1160 2287 1209 15.
2335 1160 2423 1211 23.
2459 1162 2544 1211 26.
2584 1160 2677 1213 27.

1550 1235 1639 1285 29.
1676 1232 1761 1285 56.
1802 1233 1887 1284 5⁷.
1926 1232 2011 1282 90.
2053 1232 2173 1281 104.
2207 1231 2310 1280 110
2330 1226 2370 1281 f.
2409 1232 2527 1282 133.
2554 1232 2675 1285 136.

1500 1306 1503 1310 ·
1555 1305 1653 1355 151
1685 1302 1851 1370 (226),
1882 1298 2049 1369 (234),
2077 1288 2201 1353 ἐπ.
2227 1297 2384 1353 Brut.
2414 1302 2481 1355 35
2505 1300 2679 1369 ptam

1553 1370 1780 1441 quidem
1814 1370 2120 1441 perfectum
2166 1369 2225 1423 et
2260 1368 2351 1425 cui
2394 1368 2539 1425 nihil
2574 1370 2678 1425 ad·

1550 1442 1781 1499 modum
1826 1440 1975 1496 desit
2018 1439 2452 1495 Demosthenem
2506 1440 2677 1497 facile

1550 1512 1772 1569 dixeris.
1816 1510 1979 1567 Nihil
2014 1512 2177 1566 acute
2213 1509 2453 1566 inveniri
2486 1513 2681 1581 potuit

1549 1584 1616 1711 Ξῖ
1646 1584 1757 1711 θὲἓ.
1776 1582 1990 1709 Ἓῖἒῗῃτ.
2033 1580 2498 1708 Ἑξὲοῗξῗιξι
2526 1582 2678 1709 ”323¹

1550 1728 1701 1794 suto,
1758 1725 1912 1795 quod
1946 1722 2046 1780 ille
2080 1739 2196 1779 non
2238 1696 2471 1792 viderit3
2527 1725 2679 1781 nihil

1550 1796 1832 1854 subtiliter
1877 1794 2014 1865 dici,
2066 1794 2212 1850 nihil
2254 1811 2472 1867 presse,
2524 1796 2678 1852 nihil

1552 1870 1867 1936 enucleate,
1915 1884 2028 1936 qno
2072 1866 2194 1921 fieri
2238 1866 2420 1937 possit
2454 1867 2679 1937 aliquid

1550 1938 1822 2009 limatius,
1858 1936 2004 1993 nihil
2038 1940 2237 1993 contra
2263 1938 2492 2008 grande,
2526 1938 2677 1993 nihil

1548 2012 1843 2067 incitatum
1857 2053 1871 2079 ‚
1916 2008 2063 2064 nihil
2108 2010 2366 2065 omatum
2410 2010 2502 2065 vel
2546 2027 2674 2066 ver-

1547 2084 1747 2139 borum
1784 2080 2064 2152 gravitate
2108 2079 2203 2135 vel
2247 2080 2675 2151 sententiarum,

1587 2170 1660 2209 uo
1699 2153 2008 2223 quidquam
2045 2152 2196 2207 esset
2213 2150 2432 2207 elatius.
2473 2151 2673 2218 Quint.

1548 2172 1619 2295 ἃ,
1658 2232 1709 2294 1,
1760 2230 1828 2280 76
1874 2224 2158 2279 oratorum
2203 2224 2361 2292 lonqe
2406 2226 2676 2293 princeps

1548 2292 1953 2353 Demosthenes
1998 2310 2065 2350 ac
2118 2308 2300 2364 paene
2344 2294 2433 2350 leco
2467 2296 2676 2352 mandi

1548 2367 1656 2424 fuit
1690 2367 1762 2422 de
1798 2383 1878 2422 or.
1915 2366 2013 2436 ΙΠ,
2052 2371 2136 2421 71.
2174 2365 2331 2420 Brut.
2371 2371 2470 2421 121
2510 2365 2675 2422 lecti·

1543 2439 1755 2496 tavisse
1775 2437 2069 2493 Platonem
2086 2436 2354 2504 studiose,
2382 2438 2671 2495 audivisse

1545 2510 1718 2567 etiam
1762 2508 2167 2565 Demosthenes
2212 2507 2440 2575 dicitur-3
2496 2509 2673 2578 idque

1543 2583 1781 2654 apparet
1828 2597 1897 2634 ex
1959 2591 2163 2651 genere
2224 2580 2287 2634 et
2347 2579 2673 2650 granditate

1544 2654 1870 2719 verborum3
1915 2650 2056 2706 dicit
2100 2650 2272 2706 etiam
2316 2649 2375 2705 in
2422 2651 2673 2721 quadam

1544 2725 1776 2794 epistola
1809 2724 1918 2777 hoc
1953 2721 2076 2792 ipse
2113 2722 2184 2776 de
2211 2737 2328 2777 sese
2354 2722 2477 2792 (der
2502 2723 2673 2778 nicht

1542 2795 1705 2856 mehr
1740 2793 1995 2850 erhalten
2031 2793 2132 2858 ist-3
2176 2792 2257 2847 im
2300 2793 2521 2849 fflnften
2568 2794 2673 2850 der

1545 2866 1672 2922 dem
1692 2865 2099 2920 Demosthenes
2119 2863 2470 2935 beigelegten
2480 2865 2670 2921 Briefe

1542 2937 1621 2993 ist
1666 2955 1773 2991 nur
1825 2935 2066 2990 indirect
2113 2933 2205 2990 die
2250 2935 2675 3007 Anerkennung

1545 3009 1645 3065 der
1680 3007 1885 3062 Grbsse
1921 3007 2111 3062 Platos
2148 3007 2541 3077 ausgedn'ickt.
2588 3007 2671 3062 Es

1543 3080 1621 3136 ist
1654 3080 1800 3134 auch
1843 3076 2022 3133 leicht
2070 3077 2333 3148 moglich‚
2390 3078 2521 3134 dass
2572 3078 2670 3135 die

1544 3150 1749 3220 Briefe,
1794 3148 1885 3203 die
1922 3147 2037 3205 Cic.
2073 3148 2159 3203 las
2167 3189 2185 3215 ‚
2230 3167 2299 3203 zu
2335 3148 2443 3204 den
2478 3148 2671 3205 vielen

1544 3219 2097 3291 untergeschobenen
2116 3218 2339 3276 Briefen
2376 3221 2669 3290 gehcrten,

1546 3293 1639 3348 die
1690 3291 1907 3346 damals
1948 3291 2253 3346 verbreitet
2295 3294 2521 3360 waren).
2582 3292 2671 3366 ‘de

1546 3381 1623 3420 or.
1638 3364 1682 3432 Ι,
1697 3369 1765 3418 89
1792 3361 2047 3418 Platonis
2084 3362 2364 3418 studiosus
2401 3363 2673 3418 audiendi

1544 3435 1668 3490 fuit.
1703 3434 1851 3488 Plut.
1890 3432 2048 3489 Dem.
2086 3440 2136 3486 5.
2177 3432 2365 3499 Quint.
2383 3433 2504 3503 XII,
2524 3439 2669 3501 222

1543 3505 1980 3562 Demosthenem
2042 3503 2352 3575 principem
2416 3505 2670 3560 omnium

1547 3577 1885 3633 Graecorum
1930 3575 2214 3630 oratorum
2260 3575 2521 3645 (constat)
2570 3577 2670 3632 de-

1546 3647 1691 3704 disse
1747 3665 1779 3702 o
1822 3663 1975 3701 eram
2018 3645 2257 3702 Platoni.
2306 3677 2373 3687 —
2418 3645 2519 3702 Als
2564 3665 2670 3702 un-

1544 3720 1737 3774 fibertr
1814 3735 1944 3773 enes
1990 3718 2203 3773 Muster
2247 3717 2428 3772 seiner
2471 3718 2671 3774 Reden

1544 3790 1654 3862 gilt
1688 3806 1791 3846 vor
1826 3790 1996 3846 allem
2032 3788 2123 3843 die
2150 3789 2307 3861 Bede
2341 3784 2489 3858 ὑπὲρ
2515 3794 2668 3858 Κτη-

1544 3863 1823 3931 σιφῶντος
1858 3860 1989 3930 περὶ
2024 3860 2125 3914 τοῦ
2164 3856 2468 3927 στεφάνου.
2527 3861 2669 3916 Kte-

1542 3932 1745 4060 ῧξὲιῐέη
1779 3933 1938 4016 hatte
1976 3931 2247 4057 n30h3ggr
2266 3930 2561 4057 ῗιέιὴοὲιέᾐ
2570 3932 2669 3987 bei

1728 4020 1833 4058 nea
1880 4021 1960 4057 im
2052 4043 2064 4057 .
2357 4021 2396 4056 n

1540 4075 1793 4147 gestent,
1842 4075 1967 4130 dem
2015 4071 2420 4129 Demosthenes
2464 4019 2670 4144 wege}

1541 4146 1724 4201 seiner
1736 4145 2069 4200 Verdienste
2104 4163 2201 4198 um
2229 4145 2329 4200 des
2346 4144 2668 4200 Vaterland

1540 4217 1705 4272 einen
1754 4217 2032 4288 goldenen
2067 4216 2251 4270 Kranz
2306 4235 2375 4271 zu
2422 4215 2667 4270 bewilli-

1538 4303 1666 4359 gen‚
1705 4282 1783 4351 ὥς
1827 4289 1922 4343 δεῖ
1965 4287 2336 4374 στεφανῶσαί
2363 4286 2669 4357 Δημοσθέ-

1539 4377 1647 4427 νην
1682 4359 1866 4429 χρυσῷ
1903 4377 2165 4430 στεφανῳ
2212 4357 2311 4412 καὶ
2346 4353 2670 4427 ἀναγορεῦ-
