2949 4647
356 115 442 180 80

1190 110 1489 168 ORATOR
1523 115 1610 168 28.
1651 115 1878 166 97-99.

246 277 352 362 28,
371 295 440 343 97
557 280 799 341 Tertius
846 287 938 340 est
982 279 1077 340 ille
1126 279 1357 358 amplus
1402 281 1680 358 copiosus
1727 280 1921 357 gravis
1966 284 2238 356 ornatus,
2284 275 2348 334 in
2394 291 2514 352 quo
2558 277 2698 351 pro-

248 911 317 960 98

248 1703 315 1752 99

354 371 509 431 fecto
559 372 644 430 vis
692 371 941 429 maxima
987 376 1095 428 est.

1204 367 1313 428 Hic
1360 376 1452 428 est
1507 369 1694 448 enim,
1759 368 1933 427 cuius
1996 371 2274 425 ornatum
2337 362 2576 422 dicendi
2639 367 2700 419 et

354 460 586 538 copiam
630 457 947 518 admiratae
995 464 1203 535 gentes
1250 456 1650 534 eloquentiam
1687 457 1748 515 in
1785 453 2122 515 civitatibus
2149 452 2474 532 plurimum
2502 448 2697 509 valere

352 564 559 626 passae
608 553 773 626 sunt,
838 545 941 605 sed
1000 544 1150 605 hanc
1198 544 1624 625 eloquentiam,
1689 561 1838 623 quae
1887 559 2070 603 cursu
2118 559 2330 620 magno
2377 540 2698 616 sonituque

354 635 642 714 ferretur,
705 651 881 712 quam
929 636 1305 712 suspicerent
1349 651 1584 714 omnes,
1649 649 1823 712 quam
1880 631 2343 711 admirarentur,
2407 643 2588 707 quam
2633 643 2698 686 se
2727 637 2754 677 ⁵

354 723 600 801 adsequi
644 740 820 800 posse
866 722 1221 782 diffiderent.
1320 720 1513 782 Huius
1567 720 1940 800 eloquentiae
1993 726 2087 780 est
2139 726 2396 780 tractare
2452 717 2700 793 animoS,

354 811 535 874 huius
582 812 743 870 omni
790 810 963 882 modo
1010 828 1377 889 permovere.
1470 809 1628 870 Haec
1677 808 1852 870 modo
1887 808 2221 888 perfringit,
2267 805 2442 866 modo
2487 804 2702 882 irrepit

355 901 417 959 in
464 917 703 979 sensus3
750 901 961 959 inserit
1006 917 1187 958 novas
1233 900 1563 979 opinioneS,
1608 897 1806 958 evellit
1849 899 2074 958 insitas.
2157 895 2276 956 Sed
2312 893 2568 955 multum
2611 894 2699 952 in·

354 995 545 1048 teresi.
590 989 747 1046 inter
802 986 915 1046 hoc
971 986 1208 1048 dicendi
1262 1005 1451 1066 genus
1509 995 1569 1047 et
1623 988 1949 1065 superiora.

2051 984 2168 1057 Qui
2221 985 2284 1046 in
2337 982 2439 1044 illo
2495 978 2701 1041 subtili

355 1085 416 1136 et
472 1083 647 1135 acuto
710 1074 1055 1148 elaboravit,
1118 1083 1189 1136 ut
1250 1075 1459 1136 callide
1521 1081 1848 1154 arguteque
1913 1074 2142 1134 diceret
2203 1089 2316 1132 nec
2375 1070 2698 1150 quidquam
2729 1081 2781 1120 ιο

354 1163 533 1224 altius
577 1165 883 1244 cogitaret,
946 1163 1059 1224 hoc
1122 1182 1244 1225 uno
1307 1164 1577 1243 perfecto
1644 1179 1892 1242 magnus
1955 1169 2156 1223 orator
2220 1167 2338 1240 est,
2401 1161 2516 1220 etsi
2579 1174 2702 1218 non

355 1253 671 1330 maximus3
717 1252 1080 1331 minimeque
1126 1255 1189 1313 in
1232 1252 1463 1313 lubrico
1510 1250 1848 1312 versabitur
1891 1259 1969 1331 et,
2016 1252 2070 1310 si
2113 1247 2298 1309 semel
2345 1247 2702 1324 constiterit,

354 1357 681 1418 numquam
724 1339 911 1400 cadet.
1010 1340 1241 1401 Medius
1285 1340 1383 1402 ille
1432 1348 1658 1420 autem,
1713 1356 1891 1418 quem
1945 1337 2244 1398 modicum
2301 1344 2362 1396 et
2405 1343 2699 1414 tempera-

355 1435 484 1488 tum
531 1446 705 1507 voce,
768 1431 821 1488 si
874 1428 1048 1489 modo
1107 1447 1281 1490 suum
1337 1427 1483 1490 illud
1539 1430 1682 1488 satis
1735 1429 2114 1502 instruxerit,
2180 1443 2298 1486 non
2352 1426 2703 1486 extimescet

355 1518 644 1595 ancipites
689 1517 926 1577 dicendi
969 1519 1351 1596 incertosque
1398 1533 1601 1596 casus3
1647 1517 1826 1576 etiam
1871 1517 1922 1575 si
1967 1513 2202 1594 quando
2249 1515 2448 1574 minus
2494 1529 2699 1572 succe·
2729 1523 2782 1563 15

356 1604 475 1685 det,
520 1612 588 1664 ut
634 1623 809 1684 saepe
833 1597 940 1686 Ἧι,
986 1623 1265 1684 magnum
1310 1613 1509 1666 tamen
1555 1604 1889 1684 periculum
1935 1621 2056 1663 non
2103 1601 2312 1682 adibit3
2377 1601 2492 1662 alte
2539 1601 2702 1660 enim

356 1691 567 1752 cadere
614 1709 735 1752 non
781 1700 995 1771 potest.
1086 1694 1160 1754 At
1204 1712 1345 1754 vero
1389 1693 1488 1754 hic
1534 1701 1757 1773 noster,
1804 1711 1984 1771 quem
2028 1693 2361 1771 principem
2403 1691 2704 1769 ponimuS,

354 1781 566 1860 graviS,
611 1799 765 1860 acer,
812 1781 1046 1862 ardenS,
1092 1784 1145 1842 si
1190 1781 1261 1841 ad
1306 1782 1421 1842 hoc
1468 1799 1657 1842 unum
1703 1788 1795 1841 est
1839 1789 2014 1841 natus
2061 1787 2164 1840 aut
2209 1781 2272 1839 in
2307 1777 2421 1838 hoc
2461 1777 2586 1838 solo
2633 1795 2700 1836 se

354 1870 623 1928 exercuit
668 1875 771 1929 aut
823 1869 963 1930 huic
1019 1872 1227 1949 generi
1282 1869 1484 1931 studet
1539 1871 1644 1930 uni
1707 1887 1818 1930 nec
1883 1887 2052 1929 suam
2105 1869 2337 1947 copiam
2361 1903 2367 1906 -
2392 1883 2530 1926 cum
2586 1865 2702 1925 illis

354 1955 586 2016 duobus
632 1955 953 2036 generibus
999 1961 1366 2039 temperavit,
1412 1960 1663 2018 maxime
1704 1966 1796 2018 est
1832 1956 2321 2018 contemnendus
2394 1954 2498 2015 Ille
2537 1956 2699 2014 enim
2727 1967 2782 2006 20

355 2046 736 2127 summissuS,
796 2045 956 2125 quod
1002 2054 1175 2108 acute
1222 2056 1283 2108 et
1328 2048 1682 2108 veteratorie
1728 2045 1900 2126 dicit,
1965 2047 2198 2124 sapiens
2255 2046 2399 2123 iam,
2465 2041 2698 2102 medius

356 2135 573 2213 suaviS‚
616 2133 713 2194 hic
758 2143 959 2195 autem
1005 2137 1451 2214 copiosissimus
1462 2136 1482 2217 ,
1537 2137 1592 2196 si
1635 2133 1780 2195 nihil
1827 2141 1920 2194 est
1965 2133 2142 2213 aliud,
2187 2134 2284 2192 vix
2329 2133 2473 2192 satis
2519 2148 2701 2191 sanus

356 2221 546 2281 videri
592 2221 757 2282 solet.
851 2222 968 2293 Qui
1012 2225 1172 2283 enim
1219 2223 1364 2283 nihil
1410 2230 1611 2302 potest
1655 2221 1999 2303 tranquille,
2053 2220 2202 2282 nihil
2255 2220 2496 2300 leniter,
2553 2217 2702 2279 nihil

428 2379 475 2427 1.
514 2374 607 2427 ille
642 2376 859 2442 amplus
894 2380 981 2431 20.
1018 2381 1105 2429 30.

427 2449 476 2497 6.
512 2444 750 2510 ferretur
785 2451 871 2499 67.
913 2450 1033 2501 187.
1064 2452 1191 2512 1283
1230 2446 1472 2500 admira-

353 2518 547 2569 motm-
592 2515 709 2583 ,das
745 2515 823 2569 ist
858 2516 959 2571 das
992 2517 1244 2571 hochste‘
1284 2516 1470 2582 Quint.

353 2582 503 2651 VIII,
549 2591 600 2655 3,
646 2592 678 2639 6
746 2602 1164 2658 nonnumquam
1228 2587 1471 2641 admira-

350 2654 507 2711 tione
542 2656 884 2725 auferuntur,
906 2689 972 2708 η-
991 2660 1253 2727 recteque
1280 2657 1471 2713 Cicero

352 2726 443 2781 hin
477 2726 615 2797 ipsis
652 2728 726 2783 ad
750 2729 988 2783 Brutum
1012 2729 1198 2784 verbis
1224 2728 1471 2799 quadam

352 2796 413 2851 in
458 2798 699 2867 epistola
744 2798 964 2854 scribit:
1013 2816 1163 2869 ‚nam
1208 2800 1470 2867 eloquen-

352 2867 520 2935 tiam,
566 2885 711 2937 quae
747 2869 1178 2925 admirationem
1220 2886 1335 2925 non
1370 2870 1472 2923 ha.-

352 2938 469 3006 bet,
504 2938 721 2994 nullam
754 2940 977 2995 iudico‘.
1059 2941 1249 2995 Daher
1284 2940 1354 2995 de
1390 2956 1471 2996 or.

352 3008 396 3078 I,
436 3013 537 3062 152
575 3008 714 3064 haec
750 3013 898 3080 sunt,
936 3026 1081 3079 quae
1116 3012 1388 3067 clamores
1414 3013 1472 3066 et

190 3098 196 3103 ·
274 3140 277 3145 ,
354 3079 749 3135 admirationes
809 3080 870 3135 in
933 3082 1093 3136 bonis
1156 3082 1470 3137 oratoribus

356 3149 605 3204 efficiunt
640 3151 738 3221 III,
778 3157 844 3206 52
863 3151 901 3206 f.
953 3151 1023 3207 de
1060 3152 1177 3221 opt.
1216 3169 1344 3222 gen.
1392 3168 1469 3208 or.

357 3226 440 3275 12.
480 3220 611 3277 Tac.
648 3221 781 3277 dial.
820 3222 889 3276 de
928 3238 1005 3277 or.
1045 3228 1114 3276 30
1150 3222 1253 3277 illa
1290 3223 1471 3278 admi-

353 3289 548 3345 rabilis
586 3291 921 3361 eloquentia.
972 3292 1160 3358 Quint.
1188 3294 1283 3361 XI,
1322 3300 1370 3362 1,
1400 3299 1469 3348 93

352 3360 496 3415 illud
514 3362 847 3417 admirabile
859 3362 1083 3418 dicendi
1094 3380 1288 3433 genus,
1316 3365 1467 3435 (Vgl.

352 3447 432 3485 or.
474 3438 591 3487 122.
632 3438 751 3487 125.
794 3437 936 3503 128).

424 3508 476 3556 6.
512 3504 826 3571 diffiderent
859 3504 1123 3560 wahrend
1156 3504 1309 3560 beim
1344 3521 1470 3561 ora-

350 3575 444 3627 tor
490 3572 676 3629 tenuis
728 3576 786 3630 et
836 3574 1058 3629 subtilis
1108 3574 1314 3645 gerade
1370 3576 1469 3631 das

352 3642 650 3767 {eligenteil
704 3644 804 3700 der
838 3644 962 3701 Fall
1015 3646 1090 3700 ist
1129 3651 1213 3701 76.
1281 3646 1467 3712 Quint.

434 3756 449 3780 ,
480 3721 528 3783 1,
566 3720 651 3769 93.

354 3790 476 3909 387.
528 3786 831 3855 perfrinyit
874 3787 979 3843 wie
1015 3787 1274 3859 {Perilrles
1313 3789 1467 3843 Brut.

428 3930 511 3980 10.
548 3927 745 3982 callide
781 3934 867 3984 20.
906 3935 993 3983 23.
1253 3966 1261 3975 ·

428 4001 509 4050 13.
549 4002 903 4067 temperatum
937 4006 1023 4055 21.
1062 4005 1148 4055 95.

426 4072 511 4122 14.
546 4083 708 4123 suum
742 4070 905 4136 illud,
940 4070 1040 4125 das
1067 4088 1185 4126 was
1212 4070 1272 4125 in
1288 4071 1470 4127 seiner

352 4136 568 4207 Sphare
602 4138 771 4209 liegt‚
819 4141 957 4195 eatis
1000 4142 1330 4197 instruxerit
1412 4159 1469 4197 e-

351 4208 518 4278 horig
554 4211 937 4265 auszustatten
974 4212 1094 4265 sich
1119 4212 1290 4267 Mt‘ihe
1326 4214 1389 4284 gi
1425 4214 1467 4269 t.

428 4285 511 4334 15.
567 4280 835 4349 ancipites
884 4283 989 4335 etc.
1044 4281 1114 4337 de
1166 4298 1243 4337 or.
1282 4282 1326 4351 1,
1366 4288 1468 4337 123

351 4365 771 4418 nonnumquam
843 4350 1072 4404 summis
1156 4352 1469 4408 oratoribus

1580 2392 1694 2430 non
1730 2376 1868 2431 satie
1905 2392 1974 2430 ex
2008 2374 2287 2430 sententia
2323 2375 2587 2429 eventum
2614 2371 2702 2426 di-

1579 2446 1742 2501 cendi
1776 2446 2095 2515 procedere.

1655 2523 1740 2573 17.
1773 2532 1930 2587 quem
1968 2517 2278 2585 principem
2313 2514 2578 2583 ponimus
2613 2518 2700 2567 59.

1654 2593 1738 2643 18.
1774 2593 1942 2642 natus
1977 2590 2084 2644 etc.
2119 2585 2226 2641 mit
2253 2584 2577 2654 Beziehung
2603 2584 2706 2638 auf

1581 2658 1672 2713 die
1707 2658 1828 2714 drei
1863 2658 2184 2728 genannten
2201 2657 2476 2711 Factoren
2513 2650 2700 2722 φύσις,

1581 2727 1783 2798 μελέτη
1810 2728 1929 2783 und
1955 2722 2152 2796 ἔπιστή
2196 2746 2230 2796 η
2269 2727 2508 2795 (natura,
2547 2741 2701 2780 exer-

1581 2798 1801 2925 ῗῗζῦἱσ,
1835 2798 2102 2869 studium)
2141 2746 2211 2853 ge
2248 2814 2327 2852 or.
2347 2796 2418 2863 Π,
2437 2801 2558 2853 232.
2579 2801 2698 2851 148.

1651 2946 1738 2995 20.
1775 2940 2092 3008 temperavit
2127 2956 2196 2993 zu
2231 2938 2385 2993 einer
2419 2937 2701 2992 harmoni·

1581 3010 1754 3066 sehen
1790 3010 2086 3080 mischung
2123 3015 2207 3063 70.
2247 3008 2317 3063 de
2352 3025 2470 3079 rep.
2508 3008 2604 3076 VI,
2634 3013 2701 3062 18

1581 3083 1752 3136 acuta
1821 3096 1950 3135 cum
2021 3079 2286 3150 gravibus
2353 3080 2700 3149 temporam

1579 3153 1816 3207 maxime
1835 3156 1913 3205 est
1926 3150 2371 3206 contemmenduo:
2399 3148 2512 3204 Cic.
2540 3148 2700 3203 hatte

1579 3240 1678 3277 um
1713 3237 1776 3276 so
1814 3222 1975 3276 mehr
2010 3220 2204 3277 Grund
2249 3220 2371 3275 sich
2407 3220 2544 3274 sehr
2579 3221 2700 3275 ent-

1577 3292 1844 3348 schieden
1889 3308 2072 3363 gegen
2118 3292 2208 3346 die
2253 3290 2548 3361 einseitige
2583 3290 2700 3344 und

1579 3360 2584 3431 ausschliesslicheAnwendung
2603 3360 2700 3416 des

1578 3450 1757 3504 genus
1785 3433 1996 3505 grande
2023 3432 2484 3501 auszusprechen‚
2523 3432 2609 3487 als
2638 3448 2700 3487 er

1579 3505 1781 3574 solbet,
1853 3504 2074 3559 wiewol
2135 3503 2240 3558 mit
2303 3502 2578 3572 Unrecht‚
2641 3501 2701 3556 in

1579 3575 1764 3631 dieser
1811 3574 2074 3631 Hinsicht
2125 3574 2402 3630 vielt'ache
2449 3572 2700 3643 Angriffe

1580 3664 1648 3701 zu
1683 3646 1932 3701 erleiden
1966 3646 2144 3713 hatte,
2181 3645 2312 3700 Tac.
2343 3643 2475 3699 dial.
2511 3643 2584 3699 de
2621 3660 2698 3701 or.

1581 3723 1664 3772 18.
1702 3716 1848 3772 Einl.
1885 3723 1918 3783 ς
1956 3723 2022 3771 12
2059 3716 2177 3770 und
2215 3721 2299 3770 13.
2701 3776 2707 3783 ,

1651 3794 1736 3843 22.
1773 3789 1962 3843 suavis
1997 3786 2133 3853 591.
2179 3787 2371 3841 Davor
2397 3784 2526 3840 sind
2561 3784 2702 3840 viel·

1576 3858 1768 3928 leicht‚
1807 3858 1916 3913 wie
1937 3857 2000 3913 Ο.
2019 3858 2168 3913 Jahn
2203 3856 2480 3922 bemerkt‚
2515 3854 2700 3927 einige

1577 3929 1776 3984 Worte
1811 3929 2178 3999 ausgefallen,
2209 3928 2304 3983 die
2333 3928 2434 3982 das
2454 3926 2576 3983 Lob
2603 3928 2703 3981 der

1579 3999 1825 4055 suavitas
1861 3998 2274 4070 begriindetem
2338 3999 2390 4052 si
2433 3996 2580 4052 nihil
2626 4002 2702 4052 eet

1579 4072 1740 4126 aliud
1784 4070 1989 4125 darauf
2025 4070 2163 4123 ruht
2205 4069 2308 4123 der
2341 4067 2698 4136 Nachdrueh

1577 4142 1686 4196 wie
1722 4141 1970 4196 hernach
2005 4140 2110 4195 auf
2136 4139 2294 4193 nihil.

1649 4218 1736 4267 23.
1771 4211 2145 4280 tranqwiae—
2159 4211 2352 4264 leniter
2371 4210 2502 4263 dem
2520 4225 2699 4279 genus

1576 4282 1825 4337 medium
1851 4282 2228 4350 temperatum
2265 4278 2699 4349 entsprechend3

1568 4353 1781 4421 partite
1803 4354 1906 4407 etc.
1927 4352 2054 4407 dem
2075 4366 2250 4419 genus
2268 4352 2436 4404 tenue
2455 4354 2698 4419 gemase.
