2949 4647
1117 45 1559 102 KRITISCHER.
1592 45 1924 102 ANHANG.
2572 43 2705 108 197

535 215 683 275 108.
728 215 901 284 ctiam
943 213 1056 278 illa
1097 217 1340 274 matura
1383 213 1453 274 P.
1500 217 1577 274 st.
1622 214 1743 274 iam
1786 215 1895 274 illa
1937 216 2180 274 matura
2224 205 2376 291 (iam
2400 212 2698 274 imSinne

341 322 469 366 von
511 300 750 376 ‚ferner‘
794 302 876 362 ist
919 302 1104 368 kaum
1147 322 1220 365 zu
1263 295 1726 378 beanstanden).
1778 334 1855 348 --
1906 304 2013 362 illa
2048 303 2319 362 iuvenilis
2360 303 2691 362 redundan-

342 393 440 458 tia
481 390 675 452 Bake
723 394 798 453 st.
841 391 950 452 illa
989 410 1102 468 pro
1147 391 1360 454 Roscio
1401 392 1524 452 iuv.
1570 392 1986 452 redundantia.

534 483 678 540 111.
713 497 830 554 pro
873 497 935 540 se
977 483 1041 538 im
1088 499 1268 541 causa
1315 478 1721 556 Ctesiphontis
1767 480 1957 540 Jahn
2003 483 2077 540 st.
2122 499 2234 556 pro
2281 498 2463 540 causa
2508 478 2698 540 Ctesi-

341 569 610 646 phontis·
700 568 1020 631 Vielleicht
1064 569 1209 628 aber
1251 569 1335 630 ist
1379 570 1487 630 das
1534 589 1644 646 pro
1688 587 1799 628 aus
1856 569 1963 629 der
2006 568 2511 646 ursprflngliehen
2554 567 2701 627 Les·

341 661 450 721 art
509 677 618 734 pro
685 655 1076 733 Ctesiphonte
1141 659 1526 733 entstanden3
1592 677 1639 720 e.
1686 655 1726 733 ἓ
1772 659 1879 720 26.
1963 656 2165 729 Quint.
2210 657 2322 731 IX,
2371 659 2439 731 2,
2490 659 2571 716 24
2636 658 2699 715 in

347 747 658 826 prooemio
701 764 813 822 pro
851 745 1250 822 Ctesiphonte
1295 746 1737 808 Demostheni&

534 837 678 896 113.
725 852 798 900 ac
831 839 1026 898 tamen
1059 835 1350 912 Madvig
1393 833 1622 897 zuCic.
1668 835 1743 896 de
1788 834 1889 894 fin.
1934 855 1993 911 p.
2031 837 2159 895 429
2209 826 2295 915 (p.
2324 835 2454 894 425
2485 834 2577 894 ed.
2606 826 2696 913 Π)

342 927 432 986 st.
475 926 758 987 attamen.
810 955 886 966 -
937 925 1150 984 orandi
1193 924 1383 993 Jahn
1438 927 1513 983 st.
1558 924 1825 986 ornandi.
1933 923 2091 984 Dass
2144 922 2352 986 orandi
2404 942 2482 983 zu
2531 922 2699 984 lesen

261 1087 270 1092 -
340 1013 468 1087 ist„
495 1012 746 1076 beweist
789 1011 886 1072 die
931 1012 1235 1072 deutliche
1257 1012 1604 1090 Beziehung
1649 1013 1759 1074 auf
1798 1013 1907 1084 ‚dass
1952 1011 2445 1089 vorausgehende
2489 1009 2699 1072 oratio.

531 1103 677 1162 115.
723 1101 830 1164 sed
871 1103 1150 1176 quoniam
1194 1101 1390 1168 Jahn
1433 1105 1509 1162 st.
1556 1101 1661 1163 sed
1707 1101 1867 1176 quod
1910 1092 2075 1180 (quo,
2120 1093 2305 1180 quia).

533 1191 680 1250 119.
750 1189 875 1250 Fur
917 1189 1196 1266 ignarum
1239 1191 1402 1268 vo103
1449 1191 1689 1261 omnino
1732 1190 2001 1265 perfecto
2030 1193 2141 1250 etc.
2186 1189 2296 1248 hat
2330 1189 2523 1250 Bake
2566 1209 2698 1249 vor-

337 1279 718 1356 gesohlagon
757 1277 1038 1355 ignarum
1079 1279 1219 1340 volo
1263 1277 1521 1344 omnino.
1610 1277 1889 1340 Profecto
1934 1281 2043 1338 ete.
2093 1271 2300 1356 (Jahn,
2346 1268 2630 1357 Kayser).

533 1369 678 1428 122.
723 1384 834 1442 qao
879 1369 987 1428 aut
1029 1367 1377 1428 concilietur
1423 1366 1707 1442 Sauppe
1752 1371 1827 1428 st.
1872 1367 1937 1426 in
1980 1384 2097 1442 quo
2144 1371 2254 1426 aut
2297 1385 2455 1426 conc.

532 1457 680 1516 122.
751 1455 876 1515 Der
918 1455 1280 1532 Vorschlag‚
1335 1456 1715 1532 peroratione
1758 1455 2167 1519 inflammante
2209 1456 2699 1532 restinguentem

335 1544 702 1615 concludere
739 1563 811 1602 zu
845 1544 1028 1618 lesen,
1077 1563 1144 1607 so
1191 1544 1330 1604 dass
1377 1545 1581 1605 omnia
1624 1565 1697 1604 zu
1742 1544 2095 1607 concludere
2138 1544 2389 1619 gehorte
2436 1537 2577 1622 (wie
2621 1544 2697 1602 de

339 1652 438 1695 or.
473 1631 552 1712 11,
581 1625 740 1712 332)
785 1633 910 1692 und
954 1635 1096 1708 post
1137 1633 1202 1692 in
1245 1633 1354 1695 der
1386 1633 1751 1710 Bedeutung
1794 1628 2199 1708 ,schliesslich‘
2246 1625 2564 1710 stende-(ss
2598 1634 2699 1692 26.

351 1725 388 1781 1
401 1715 536 1802 74),-
578 1720 662 1787 ist
704 1721 823 1781 wol
856 1739 968 1782 aus
1013 1719 1300 1790 Grfinden
1345 1722 1449 1781 des
1498 1722 1905 1784 oratorischen
1949 1721 2253 1781 Wollauts
2297 1721 2421 1780 und
2464 1721 2699 1798 Rhyth-

337 1828 482 1870 mus
529 1809 929 1886 aufzugeben3
981 1809 1423 1886 perorationem
1474 1811 1829 1871 concludere
1884 1811 2046 1870 kann
2098 1810 2245 1872 aber
2300 1809 2458 1872 daun
2503 1809 2697 1870 nichts

341 1899 606 1961 anderes
651 1897 952 1966 bedenten
1003 1899 1123 1958 als:
1187 1899 1422 1960 endlich
1464 1899 1641 1970 *nach
1700 1899 1821 1961 alle
1882 1900 2021 1960 dem
2082 1899 2237 1958 oben
2298 1898 2700 1976 angefflhrten

337 1981 520 2070 (post
563 1978 790 2068 omnia)
837 1987 934 2049 die
978 1988 1279 2063 peroratio
1292 2032 1308 2062 ‚
1369 1988 1467 2048 die
1526 1988 1829 2056 entweder
1884 1988 1960 2046 in.
1992 1987 2306 2060 Flammen
2360 1991 2513 2046 setzt
2555 1987 2701 2048 oder

340 2078 460 2138 das
504 2077 700 2136 Feuer
757 2076 1008 2151 lomim„
1047 2077 1140 2136 als
1203 2077 1323 2146 den.
1383 2077 1479 2142 die
1522 2077 1686 2139 Rode
1714 2127 1721 2134 .
1748 2075 2115 2152 vollstfindig
2175 2076 2699 2148 abschliessenden

350 2165 490 2226 Teil
535 2157 771 2244 (Quint.
814 2163 920 2239 VI,
970 2169 1026 2241 1,
1053 2156 1145 2244 ‚1)
1189 2164 1645 2242 hinzuzufflgen.
1746 2158 1909 2244 (Vgl.
1957 2165 2368 2242 Nfigelebachs
2412 2166 2519 2225 lat.
2566 2163 2697 2224 Stil.

338 2252 390 2331 «ἓ
441 2255 588 2329 105,
637 2255 730 2312 2.,
784 2253 930 2314 Man
973 2254 1198 2322 kfinnte.
1252 2254 1406 2325 auch
1465 2258 1807 2325 vermuten:
1878 2258 2018 2331 post
2071 2253 2269 2316 omnia
2322 2253 2699 2331 peroratione

348 2343 827 2405 ,inflammantem
867 2343 1423 2419 restinguentemve
1465 2336 1860 2423 concludere.)

531 2434 674 2491 122.
720 2432 832 2491 hoc
874 2432 1006 2491 loco
1049 2432 1133 2491 ist
1175 2433 1539 2492 vermutlich
1582 2452 1691 2492 aus
1744 2431 1936 2491 einem
1964 2432 2274 2493 Versehen
2319 2431 2559 2491 hierher
2594 2450 2700 2508 ge-

341 2522 627 2582 kommen
673 2521 796 2580 und
841 2521 1060 2597 gehort
1105 2520 1599 2583 wahrscheinlich
1642 2522 1706 2582 in
1742 2520 1839 2581 die
1874 2521 2154 2597 folgende
2183 2520 2368 2579 Zeilc:
2416 2520 2697 2595 quoniam
2814 2578 2826 2587 ,

339 2612 554 2669 autem
599 2610 710 2669 hoc
753 2610 883 2670 loco
931 2612 1042 2671 etc.
1090 2608 1196 2670 P..
1265 2602 1374 2689 (So
1419 2610 1655 2671 schrieb
1700 2609 1863 2669 Jahn
1908 2609 1974 2670 in
2016 2609 2123 2678 der
2169 2610 2226 2677 3
2272 2608 2489 2684 Ausg„
2474 2630 2489 2645 ·
2552 2608 2699 2667 aber

341 2699 462 2758 hoc
507 2698 635 2757 loco
680 2702 852 2773 passt
893 2716 1048 2775 ganz
1090 2701 1204 2773 gut
1247 2718 1320 2759 zu
1365 2698 1609 2759 difficile
1654 2698 1819 2757 dictu
1865 2700 1983 2767 est·
2048 2716 2113 2759 es
2168 2704 2327 2760 were
2382 2696 2697 2772 schwierig

340 2786 458 2849 das
505 2786 636 2848 hier
679 2806 754 2848 zu
799 2802 1012 2865 sagon,
1056 2788 1202 2855 weil
1247 2804 1310 2847 es
1358 2787 1485 2847 sich
1528 2787 1595 2847 in
1636 2787 1831 2847 Kiirze
1884 2786 2055 2857 nicht
2099 2786 2424 2857 darstellen
2470 2777 2696 2866 liesse.)

532 2877 677 2934 124.
723 2875 866 2935 liest
909 2874 1100 2934 Jahn
1154 2876 1206 2935 si
1251 2875 1448 2935 tenuis
1496 2894 1679 2936 causa
1722 2851 1831 2935 erit
1882 2878 1957 2935 st.
2018 2876 2070 2934 si
2115 2879 2159 2934 t.
2205 2893 2255 2935 c.
2300 2877 2393 2935 est
2440 2873 2561 2933 und
2606 2892 2698 2934 so-

345 2964 512 3027 dann
555 2964 671 3023 mit
713 2964 906 3025 Bake
945 2966 1158 3026 tenebit
1199 2968 1278 3028 st
1323 2965 1645 3027 tenebitur.

447 3118 456 3125 ,
531 3054 676 3113 125.
723 3054 806 3113 sic
849 3054 924 3114 ut
967 3084 1054 3095 --
1101 3054 1336 3121 excidat
1376 3054 1568 3122 sta-ich
1610 3054 1663 3112 B
1676 3053 1806 3113 ake
1852 3053 1943 3111 als
1990 3052 2450 3128 eingeschoben.

347 3196 350 3199 ,
403 3178 410 3185 -
530 3142 676 3202 126.
743 3144 885 3208 sunt
935 3142 1240 3281 appellati
1287 3161 1356 3203 eo
1417 3134 1585 3222 (ideo
1596 3135 1657 3223 ἓ)
1721 3141 1884 3219 quod
1946 3144 2023 3201 st.
2084 3140 2377 3217 appellati
2429 3143 2571 3203 sunt
2626 3158 2697 3199 eo

339 3230 523 3306 quod,

537 3318 908 3385 128.D1,m
956 3322 1100 3381 sunt
1143 3322 1319 3384 etiam
1362 3338 1522 3395 quae
1562 3323 1866 3381 vermutet
1914 3318 2215 3379 Lambin
2268 3323 2343 3378 st.
2390 3317 2508 3377 duo
2556 3321 2702 3377 sunt

343 3424 504 3483 quae
551 3411 680 3483 etc„
723 3407 948 3470 darauf
985 3408 1252 3475 schreibt
1284 3408 1336 3467 B
1350 3409 1485 3471 ake
1526 3410 1757 3483 faciunt
1790 3412 1866 3472 st.
1901 3407 2127 3467 faciant
2164 3399 2263 3487 (so
2298 3406 2455 3469 auch
2490 3399 2697 3483 Jahn),

345 3496 502 3555 doch
545 3496 670 3572 vgl.
707 3493 750 3571 ξ
801 3498 926 3558 163
974 3496 1092 3555 duo
1129 3500 1276 3565 sunt
1312 3516 1412 3557 res
1457 3516 1613 3574 quae
1656 3496 2069 3573 permulceant
2110 3514 2289 3557 aures
2332 3495 2457 3555 und
2494 3493 2536 3570 ξ
2571 3496 2695 3555 185

348 3585 589 3643 omnino
636 3583 754 3643 duo
793 3587 950 3659 sunt,
996 3604 1149 3660 quae
1194 3586 1500 3646 condiant·
1521 3587 1871 3647 orationem.
1978 3594 1983 3597 '

533 3675 678 3733 132.
723 3674 775 3735 is
821 3675 926 3748 qui
971 3676 1481 3737 audit.vermutet
1524 3674 1803 3753 Kayser
1845 3676 1922 3741 st.
1966 3674 2019 3733 is
2056 3673 2163 3750 qui
2198 3673 2454 3733 audiret.

536 3764 681 3821 135.
727 3763 926 3821 leviter
970 3762 1245 3823 Gesner
1289 3766 1365 3823 st.
1412 3763 1695 3823 breviter.
1736 3795 1815 3805 --
1866 3766 1975 3823 aut
2017 3781 2154 3823 cum
2200 3765 2343 3821 sunt
2384 3763 2699 3823 contrariis

349 3852 548 3913 relata
591 3851 892 3912 contraria
935 3851 1051 3914 wie
1093 3850 1136 3927 ξ
1185 3854 1333 3914 175.
1437 3852 1553 3913 Die
1597 3852 1809 3919 Worte
1870 3851 2079 3919 multis
2140 3851 2333 3911 modis
2396 3842 2500 3930 (st.
2562 3870 2699 3911 cum

347 3936 517 4013 sunt)
566 3940 631 3998 in
675 3939 814 3999 dem
860 3938 1025 4000 Citat
1066 3941 1264 4001 dieser
1310 3940 1497 4000 Stelle
1543 3942 1641 4001 bei
1686 3939 1885 4012 Quint.
1931 3940 2034 4014 IX,
2085 3944 2141 4015 1,
2189 3942 2272 4000 39
2330 3939 2479 4009 sind·
2507 3941 2700 4001 wahr-

349 4028 678 4091 scheinlich
723 4028 858 4095 eine
903 4034 1271 4107 sogenannte
1315 4028 1765 4106 Dittographie,
1819 4029 2009 4095 durch
2053 4027 2363 4089 Versehen
2406 4046 2517 4089 aus
2562 4029 2699 4088 dem

355 4117 621 4177 hernach
669 4110 738 4199 (ἓ
788 4118 912 4177 137
961 4111 1072 4196 in.)
1117 4119 1440 4196 folgenden
1492 4119 1701 4179 multis
1764 4117 1957 4203 modis
2022 4118 2396 4177 entstanden.
2504 4116 2701 4179 Sowol

347 4207 470 4267 Th.
516 4206 977 4268 Mommsens:
1027 4207 1366 4281 cumulatis,
1411 4208 1505 4267 als
1548 4206 1779 4267 Jahns
1832 4226 1970 4267 cum
2014 4208 2401 4268 cumulantur
2440 4206 2523 4265 ist
2565 4206 2697 4266 hier

350 4295 726 4373 unpassend,
789 4296 958 4353 denn.
1003 4314 1066 4355 es
1111 4296 1360 4355 handelt
1403 4295 1531 4355 sich
1575 4314 1693 4362 nur
1737 4316 1840 4355 um
1884 4295 1981 4355 die
2026 4294 2409 4371 Aufzehlung
2452 4295 2561 4355 der
2604 4295 2696 4355 lu-
