2949 4647
279 111 370 174 94
1083 107 1383 165 ORATOR
1417 114 1505 164 36.
1546 113 1843 167 126-12'1.
1922 145 1929 172 ‚

279 296 412 339 esse
459 277 655 359 debet,
700 285 898 338 tamen
943 279 1007 338 iu
1053 274 1469 338 communibus
1516 274 1662 335 locis
1708 277 1961 335 maxime
1998 274 2272 355 excellet3
2318 277 2423 354 qui
2466 291 2631 336 com-

279 385 491 428 munes
539 374 682 428 sunt
727 364 1002 445 appellati
1047 384 1138 447 eo,
1185 364 1343 444 quod
1389 363 1667 426 videntur
1714 362 2036 424 multarum
2082 363 2275 424 eidem
2320 381 2453 425 esse
2490 381 2629 425 cau—

281 473 512 536 sarum,
567 455 672 516 sed
717 456 946 534 proprii
991 453 1360 534 singularum
1405 469 1540 514 esse
1594 452 1913 513 debebunt.
2013 453 2089 514 At
2140 471 2282 514 vero
2338 451 2435 514 illa
2486 471 2633 533 pars
2672 453 2690 472 ²

281 547 587 626 orationis,
633 562 784 623 quae
829 549 922 604 est
957 543 1034 604 de
1069 561 1290 622 genere
1327 544 1627 623 universo,
1672 548 1828 603 totas
1874 559 2083 603 causas
2120 559 2295 622 saepe
2334 545 2629 623 continet3

281 632 569 713 quidquid
617 641 708 694 est
755 634 916 693 enim
958 631 1123 712 illud,
1169 634 1230 693 in
1279 649 1400 712 quo
1445 633 1617 710 quasi
1662 637 1964 692 certamen
2018 638 2113 692 est
2168 633 2631 712 controversiae,
2658 643 2693 686 5

281 721 440 800 quod
487 720 708 782 Graece
755 713 1164 802 κρινόμενον
1209 720 1448 801 dicitur,
1469 719 1555 781 -id
1599 722 1682 780 ita
1728 720 1845 781 dici
1888 719 2112 802 placet,
2167 729 2238 782 ut
2279 719 2631 782 traducatur

282 811 355 871 ad
410 819 761 891 perpetuam
816 812 1228 889 quaestionem
1283 817 1460 888 atque
1516 817 1585 870 ut
1639 808 1711 870 de
1768 810 2049 870 universo
2102 827 2322 889 genere
2378 809 2630 889 dicatur,

174 910 276 959 127
306 901 423 960 nisi
469 917 607 960 cum
653 898 726 960 de
773 916 914 959 vero
962 897 1311 979 ambigetur,
1357 897 1519 977 quod
1565 900 1773 977 quaeri
1818 900 2163 959 coniectura
2198 898 2369 960 solet.
2457 897 2633 958 Dice-¹

279 996 380 1049 tur
425 996 626 1051 autem
669 1006 792 1049 non
836 986 1370 1068 Peripateticorum
1416 1005 1585 1047 more
1632 979 1759 1070 (est
1800 989 1961 1048 enim
2004 987 2246 1049 illorum
2281 989 2629 1048 exercitatio

279 1076 517 1156 elegans
543 1079 662 1138 iam
697 1076 836 1138 inde
865 1076 938 1139 ab
966 1076 1284 1146 Aristotele
1313 1069 1687 1158 constituta),
1734 1075 1839 1137 sed
1868 1076 2168 1156 aliquanto
2206 1078 2517 1138 nervosius
2562 1083 2629 1136 et
2658 1089 2723 1131 ιο

276 1168 362 1226 ita
407 1165 480 1227 de
527 1183 593 1227 re
642 1167 978 1228 communia
1024 1165 1328 1247 dicentur,
1382 1172 1452 1226 ut
1498 1173 1561 1225 et
1604 1182 1715 1244 pro
1771 1167 1893 1226 reis
1939 1165 2123 1227 multa
2168 1165 2385 1226 leuiter
2428 1165 2629 1226 dican-

279 1263 381 1316 tur
427 1262 488 1316 et
531 1257 594 1316 in
641 1254 1010 1316 adversarios
1054 1272 1282 1334 aspere.
1383 1253 1685 1333 Augendis
1742 1272 1884 1315 vero
1938 1253 2121 1315 rebus
2166 1264 2230 1316 et
2274 1262 2483 1316 contra
2528 1253 2629 1314 ab·

277 1343 551 1406 iiciendis
597 1343 745 1405 nihil
791 1352 882 1406 est
929 1344 1090 1423 quod
1135 1361 1255 1404 non
1299 1343 1591 1423 perficere
1635 1345 1826 1422 possit
1870 1345 2089 1424 orati03
2146 1343 2303 1424 quod
2362 1351 2424 1404 et
2468 1345 2633 1404 inter

279 1432 473 1495 media
519 1441 894 1513 argumenta,
914 1431 1250 1501 faciendum
1299 1441 1418 1513 est,
1476 1433 2011 1512 quotienscumque
2066 1431 2305 1494 dabitur
2356 1432 2450 1493 vel
2504 1450 2631 1492 am-

278 1521 580 1601 plificandi
626 1521 744 1596 vel,
763 1521 1074 1583 minuendi
1115 1521 1302 1602 locus,
1347 1529 1409 1582 et
1452 1538 1643 1601 paene
1686 1521 1915 1582 infinite
1961 1523 2025 1582 in
2069 1521 2420 1601 perorando.

348 1681 400 1728 4.
437 1675 676 1730 continet
703 1675 845 1744 ,halt
869 1688 1207 1744 zusammen,
1226 1675 1401 1729 stfltzt

280 1743 396 1813 sie‘‚
446 1745 498 1800 d.
536 1746 591 1800 h.
639 1746 740 1801 der
782 1745 982 1816 Erfolg
1026 1761 1229 1828 gamer
1261 1745 1400 1800 Pro-

277 1831 432 1872 cesse
477 1817 588 1871 han
701 1815 786 1871 oft
830 1833 943 1872 von
993 1816 1206 1872 diesem
1241 1816 1398 1872 Teile

211 1948 216 1959 Ι
277 1887 480 1956 (seiner
512 1905 542 1942 r
613 1887 904 1944 nerischen
940 1887 1396 1958 Durchffihrung)

274 1958 364 2016 ab.
419 1958 635 2046 'Daher
676 1958 771 2015 die
805 1959 1131 2030 Forderung
1171 1959 1263 2014 fflr
1294 1959 1396 2014 das

272 2031 869 2184 ...mma
885 2045 1137 2172 mas,
1171 2031 1394 2184 m.

275 2172 378 2227 auf
397 2189 521 2228 eme
549 2173 639 2228 ein
682 2173 895 2229 ehende
922 2173 1259 2243 augememe
1281 2173 1393 2228 Un-

691 2243 1133 2315 inflbergespielt
1166 2245 1367 2300 werde.

347 2357 398 2406 6.
460 2345 821 2422 κρινόμενον,
895 2350 995 2405 der
1057 2349 1393 2421 eigentliche

276 2420 658 2493 Streitpunkt,
707 2421 808 2477 der
842 2440 938 2477 zur
971 2421 1352 2477 Entscheidun

271 2492 537 2549 kommen
581 2492 692 2551 soll
737 2492 829 2562 (de
879 2510 954 2550 or.
992 2494 1064 2562 H,
1106 2499 1207 2548 132
1255 2492 1355 2565 qui

271 2563 466 2621 veniat¹
499 2563 560 2621 in
584 2563 902 2635 iudicium),·
931 2565 1049 2620 also
1069 2564 1158 2621 die
1179 2564 1306 2621 Hau
1345 2566 1394 2620 t-

273 2636 456 2706 hergo,
512 2636 616 2692 auf
657 2636 748 2691 die
805 2652 864 2693 es
922 2634 1239 2707 ankommt,
1335 2653 1395 2693 er

275 2705 537 2763 Cardinal
577 2708 745 2778 unkt‚
816 2727 912 2763 um
977 2707 1087 2763 den
1151 2724 1210 2763 es
1274 2708 1394 2763 sich

274 2778 537 2849 eigentlic
622 2778 870 2835 handelt.
944 2780 1085 2850 Top.
1132 2784 1201 2834 95
1248 2796 1394 2851 quae

274 2866 344 2903 ex
392 2851 545 2905 statu
595 2851 878 2906 contentio
929 2850 1195 2919 efficitur,
1268 2868 1394 2906 eam

274 2918 474 2975 Graeci
510 2914 844 2989 κρινόμενον
889 2922 1206 2991 appellant,
1251 2922 1394 2977 mihi

272 2989 463 3059 placet
496 2990 556 3044 id
592 3007 724 3060 ‚qua
760 2992 831 3045 de
856 2992 1148 3062 refigitur*
1185 2993 1392 3049 vocari.

190 3076 198 3087 ·
273 3060 428 3115 Brut.
469 3068 536 3117 27
542 3067 591 3117 5.

348 3156 396 3204 ’1.
434 3150 511 3205 ad
527 3155 853 3219 perpetuam
879 3153 1260 3223 wadium,
1287 3152 1393 3208 wie

271 3220 428 3276 Brut.
459 3227 562 3275 323
591 3237 627 3276 a.
661 3221 887 3292 propria.
923 3239 989 3277 ac
1025 3223 1256 3279 definita.
1279 3224 1392 3279 dis-

271 3292 566 3362 putatione
601 3293 847 3349 hominis
891 3310 957 3350 ac
999 3295 1270 3365 temporis
1317 3296 1394 3351 ad

273 3378 604 3419 commwnem
639 3365 1004 3434 quaestionem
1029 3367 1273 3421 universi
1307 3384 1391 3438 ye-

273 3436 422 3490 mris
457 3436 759 3492 orationem
794 3437 1092 3493 traducere.

346 3530 395 3579 8.
443 3525 509 3579 de
556 3541 680 3581 vero
730 3531 858 3593 1213
923 3526 1072 3581 donn
1126 3525 1394 3582 hierbei

270 3595 506 3651 handelt
568 3613 626 3652 es
690 3597 812 3653 sich
875 3597 1018 3652 eben
1079 3615 1175 3651 um
1231 3596 1394 3653 einen

272 3669 567 3723 concreten
601 3668 743 3737 Fan,
780 3685 878 3724 um
915 3668 1008 3725 ein
1041 3668 1392 3724 bestimmten

271 3737 628 3793 Individuum
656 3740 770 3795 und
796 3740 919 3795 eine
938 3740 1199 3810 specielle
1217 3740 1392 3796 That-

273 3809 464 3877 sache3
505 3826 562 3865 es
599 3810 672 3865 ist
709 3812 828 3867 also
865 3812 990 3867 eine
1028 3811 1217 3867 solche
1254 3812 1392 3867 Ver-

273 3880 753 3951 allgemeinerung
790 3883 1073 3938 entweder
1109 3900 1212 3953 gar
1231 3883 1391 3938 nicht

272 3953 407 4007 oder
434 3950 579 4007 doch
611 3971 716 4007 nur
741 3955 871 4009 sehr
891 3954 1189 4024 bedingter
1205 3955 1392 4011 Weise

274 4024 553 4079 statthatt.
601 4024 672 4079 de
709 4040 787 4081 or.
817 4023 885 4091 II,
911 4032 1012 4081 135
1048 4026 1209 4081 hatte
1244 4026 1391 4082 noch

272 4094 382 4151 Cic.
421 4096 567 4150 auch
603 4094 694 4149 fiir
718 4095 872 4151 diese
900 4096 1232 4153 constitutio
1259 4112 1391 4153 eon-

271 4164 558 4221 iecturalis
604 4166 848 4223 dissolbe
892 4167 1218 4238 Forderung
1273 4168 1391 4222 auf-

271 4238 522 4306 gestellt:
590 4238 726 4308 quin
771 4238 943 4293 etiam
988 4238 1049 4293 in
1099 4239 1181 4294 eis
1234 4238 1391 4309 ipsis,

269 4306 371 4361 ubi
408 4308 478 4362 de
513 4308 664 4364 facto
703 4308 1025 4378 ambigitur,
1063 4312 1396 4393 argumenta

272 4378 331 4432 et
383 4378 680 4435 criminum
735 4382 794 4436 et
847 4379 1185 4436 defensionis
1233 4397 1395 4436 revo-

273 2244 617 2314 tersuehung

1510 1675 1710 1730 centur
1742 1676 1967 1745 oportet
2001 1675 2075 1730 ad
2110 1691 2287 1746 genus
2324 1677 2383 1730 et
2418 1674 2491 1729 ud
2527 1691 2629 1730 na.-

1506 1747 1692 1802 turam
1729 1745 2063 1801 universam.

1578 1823 1629 1872 9.
1664 1831 1781 1872 non
1818 1817 2117 1887 Peripatet.
2152 1831 2316 1884 more,
2352 1816 2445 1873 die
2478 1819 2629 1873 trotz

1505 1887 1605 1944 der
1641 1887 1965 1944 exercitatio
1993 1886 2054 1942 in
2078 1889 2378 1959 utramque
2403 1890 2627 1958 purtem

1504 1959 1727 2015 dicendi
1763 1960 1837 2014 sd
1874 1958 2093 2029 copiam
2128 1959 2415 2014 rhetorum
2450 1961 2502 2028 (ἓ
2530 1962 2626 2030 46)

1502 2030 1704 2085 immet
1748 2029 2125 2100 Philosophsn
2176 2029 2301 2085 sind
2360 2032 2477 2086 und
2530 2031 2625 2087 die

1540 2101 1957 2173 hilosophische
2011 2101 2239 2157 Diction
2290 2101 2450 2158 nicht
2496 2119 2622 2186 ver-

1502 2171 2348 2300 suafflmrgfftanff
2387 2174 2625 2325 ἓξὲξ

1500 2332 1733 2385 remque
1758 2314 1955 2372 intelle
2028 2315 2208 2372 utiam
2236 2316 2624 2373 accommoda-

1500 2387 1614 2443 tius
1649 2387 1821 2443 reden
1840 2388 1965 2457 (117
2004 2410 2019 2456 3
2052 2390 2280 2443 illorum
2306 2389 2628 2444 exercitatio

1501 2458 1574 2513 de
1629 2475 1709 2515 or.
1744 2459 1842 2528 III,
1882 2464 1985 2515 107
2042 2459 2317 2529 ancipites
2370 2459 2626 2530 disputa-

1502 2530 1683 2585 tiones
1697 2572 1710 2599 ,
1762 2528 1822 2585 in
1869 2530 2071 2599 quibus
2117 2530 2187 2586 de
2230 2530 2488 2586 universo
2524 2546 2625 2600 ge-

1502 2616 1635 2657 nere
1681 2601 1741 2656 in
1795 2602 2092 2671 utrumque
2146 2604 2369 2673 partem
2420 2601 2625 2658 disseri

1502 2673 1725 2743 copiose
1763 2672 1913 2742 licet,
1950 2690 2095 2743 quae
2123 2672 2448 2729 exercitatio
2475 2690 2642 2730 nune.

1500 2744 1785 2884 gregna?
1818 2744 2375 2872 Acadeffiiggffisshiet
2391 2763 2625 2886 Pet-iffi:

1500 2888 1827 2957 teticorum‚
1877 2886 1975 2955 qui
2028 2887 2195 2942 rebus
2250 2890 2629 2957 congruentes

1503 2957 1820 3013 nominibus
1856 2956 2189 3013 differebant
2223 2959 2395 3013 Acad.
2433 2959 2476 3028 1,
2508 2961 2616 3029 17).

1576 3035 1659 3083 10.
1698 3031 1769 3084 ab
1788 3029 2189 3095 Aristotele463
2226 3031 2511 3085 nervosius
2534 3036 2620 3085 62.

1576 3107 1659 3155 11.
1698 3102 1783 3155 ita
1816 3100 1936 3155 also
1972 3100 2133 3156 nicht
2166 3101 2291 3155 blos
2318 3101 2417 3156 des
2431 3101 2626 3156 Luxus

1502 3186 1727 3242 wegen,
1792 3172 2032 3225 sondern
2088 3172 2234 3226 auch
2285 3190 2384 3226 zur
2434 3172 2625 3227 Errei-

1500 3243 1689 3312 chung
1731 3242 2082 3312 praktischer
2129 3243 2385 3312 Zwecke;
2451 3245 2517 3299 de
2540 3254 2627 3300 're

1502 3314 1641 3368 iiber
1677 3313 1787 3368 den
1822 3315 2121 3370 concreten
2155 3314 2299 3369 Fan.

1575 3391 1658 3441 12.
1714 3386 2005 3455 awyendis:
2064 3385 2247 3440 damit
2300 3385 2469 3441 kehrt
2505 3386 2623 3445 Cic.

1502 3474 1572 3510 zu
1607 3456 1708 3510 der
1742 3457 1889 3511 noch
1932 3457 2107 3513 nahor
2151 3474 2221 3511 zu
2258 3458 2619 3513 erbrternden

1501 3527 1810 3583 oratorisch
1844 3527 2209 3597 wichtigeren
2254 3529 2625 3599 amplificatio

1500 3598 1735 3665 zuriick3
1773 3599 1844 3654 de
1881 3616 1959 3656 or.
1988 3600 2211 3669 111,1o4
2248 3616 2466 3655 summa.
2490 3600 2619 3655 laus

1502 3670 1859 3739 eloquentiae
1896 3673 1982 3726 est
2007 3670 2347 3741 amplificare
2376 3686 2496 3726 rem
2523 3685 2621 3725 or-

1498 3741 1704 3810 nando,
1759 3741 1911 3812 quod
1964 3743 2119 3797 valet
2160 3757 2274 3796 non
2320 3742 2500 3797 solum
2544 3742 2621 3800 ad

1498 3812 1817 3883 augendum
1854 3812 2069 3882 aliquid
2105 3816 2165 3869 et
2189 3813 2500 3868 tollendum
2538 3814 2621 3868 al-

1497 3884 1611 3938 tius
1649 3884 1901 3954 dicende,
1958 3884 2056 3940 sed
2111 3884 2284 3939 etiam
2338 3885 2412 3940 ad
2467 3886 2619 3939 exte-

1498 3955 1784 4010 nuandum
1805 3959 1982 4025 atque
1996 3957 2382 4011 amiciendam.
2422 3956 2617 4023 Quint.

1498 4024 1649 4093 VIII,
1686 4032 1753 4095 3,·
1773 4034 1842 4083 89
1897 4027 1983 4083 vis
2038 4028 2271 4082 oratoris
2326 4027 2506 4083 omnis
2555 4026 2620 4081 in

1498 4097 1757 4168 augendo
1794 4098 2207 4168 minuendoque
2245 4099 2513 4154 consistit.

1572 4174 1657 4223 13.
1704 4171 1849 4224 inter
1891 4171 2074 4226 media
2118 4169 2443 4239 arywnenta'
2490 4186 2615 4225 ver-

1497 4239 1711 4295 mittels
1766 4241 1867 4295 der
1902 4258 1944 4298 s.
1984 4260 2037 4312 g.
2095 4240 2367 4311 digressio
2422 4242 2490 4297 de
2536 4256 2616 4296 or.

1501 4310 1572 4379 ΙΙ,
1602 4317 1707 4366 312
1742 4312 1917 4377 Brut„
1945 4318 2013 4368 82
2034 4312 2136 4368 illa
2172 4315 2456 4368 oratorum
2490 4326 2621 4383 pro-

1502 4382 1627 4452 pria.
1663 4385 1721 4438 et
1766 4384 1928 4454 quasi
1970 4384 2230 4455 legitima.
2286 4401 2457 4454 opera
2498 4384 2615 4439 tra-

2660 1534 2723 1576 15
