2949 4647
390 123 522 186 124
1192 117 1495 173 ORATOR
1528 121 1613 171 52.
1654 120 1952 170 1⁷4—175.

281 285 386 372 52,
409 301 511 350 174
690 287 868 348 Visne
915 288 1126 368 igitur,
1181 284 1394 366 Brute,
1461 290 1652 344 totum
1707 281 1867 342 hunc
1921 280 2121 341 locum
2178 279 2517 339 accuratius
2565 279 2759 337 etiam
2932 278 2934 350 1

387 377 752 456 explicemus
801 393 978 454 quam
1023 373 1110 434 illi
1169 375 1311 454 ipsi,
1368 374 1472 451 qui
1528 379 1589 432 et
1647 370 1795 430 haec
1850 377 1912 430 et
1966 368 2063 428 illa
2117 365 2295 428 nobis'
2344 365 2762 446 tradiderunt,
2933 357 2934 380 ¹

387 484 462 527 an
509 465 604 526 his
650 466 915 525 contenti
977 481 1127 544 esse,
1191 479 1344 541 quae
1405 460 1479 520 ab
1538 459 1656 520 illis
1716 459 1874 520 dicta
1934 465 2092 537 sunt,
2150 456 2516 537 possumus?
2624 454 2757 515 Sed

390 553 532 633 quid
577 571 802 632 quaero
849 552 1098 634 velisne,
1163 569 1301 611 cum
1356 549 1575 610 litteris
1628 550 1750 609 tuis
1803 547 2205 608 eruditissime
2263 545 2507 624 scriptis
2566 552 2629 604 te
2683 543 2759 603 id

385 641 482 702 vel
527 643 776 702 maxime
823 640 971 701 velle
1017 634 1472 720 perspexerim?
1544 636 1815 697 Primum
1861 653 2003 715 ergo
2050 637 2237 716 origo,
2283 633 2497 694 deinde
2546 649 2755 714 causa,
2789 641 2825 682 ⁵
2935 686 2936 711 ¹

388 737 524 809 post
567 739 800 810 natura,
845 737 973 790 tum
1019 728 1092 788 ad
1140 736 1474 789 extremum
1522 743 1671 786 usus
1713 727 1843 804 ipse
1882 723 2213 804 explicetur
2249 724 2535 783 orationis
2572 730 2755 802 aptae
2934 715 2936 834 Ι

389 826 567 897 atque
612 835 986 879 numerosae.
2934 835 2936 842 ·

565 906 714 966 Nam
777 907 880 984 qui
926 905 1249 966 Isocratem
1311 905 1562 964 maxime
1620 904 1944 983 mirantur,
2007 901 2121 963 hoc
2180 903 2245 962 in
2304 903 2435 961 eius
2494 901 2759 960 summis

388 993 664 1055 laudibus
709 994 941 1075 ferunt,
1005 993 1166 1073 quod
1224 991 1424 1053 verbis
1486 991 1697 1052 solutis
1760 1009 2045 1052 numeros
2100 991 2331 1069 primus
2382 987 2755 1050 adiunxerit.
2803 1068 2809 1072 ·

285 1097 390 1146 175
421 1081 578 1144 (311111ῐ
618 1085 776 1143 enim
829 1083 1060 1144 videret
1113 1089 1382 1143 oratores
1439 1099 1578 1141 cum
1634 1082 1949 1142 severitate
2005 1079 2225 1159 audiri,
2277 1087 2485 1158 poetas
2542 1085 2757 1137 autem
2790 1087 2851 1126 10
2936 1094 2938 1180 1

393 1189 530 1232 cum
595 1171 922 1252 voluptate,
987 1179 1114 1232 tum
1180 1169 1402 1230 dicitur
1463 1185 1749 1230 numeros
1814 1176 2059 1229 secutus
2066 1215 2085 1248 ,
2152 1166 2373 1246 quibus
2434 1167 2617 1227 ctiam
2681 1168 2756 1225 in
2936 1183 2938 1248 ῃ

389 1261 658 1320 oratione
705 1267 1012 1333 uteretur,
1079 1277 1217 1320 cum
1275 1258 1664 1319 iucunditatis
1711 1275 1890 1318 causa
1943 1265 2072 1318 tum
2117 1263 2187 1316 ut
2232 1256 2486 1316 varietas
2533 1273 2756 1316 occur·
2936 1259 2938 1278 ²

389 1357 553 1410 reret
600 1350 873 1409 satietati.
985 1347 1157 1419 Quod
1203 1345 1276 1406 ab
1337 1349 1424 1408 eis
1479 1363 1619 1406 vere
1675 1345 1929 1424 quadam
1984 1363 2057 1406 ex
2110 1352 2308 1426 parte,
2370 1361 2493 1404 non
2550 1351 2758 1404 totum

389 1436 628 1498 dicitur.
731 1436 878 1497 Nam
931 1439 1231 1497 neminem
1287 1437 1349 1496 in
1409 1453 1481 1495 eo
1528 1452 1746 1514 genere
1794 1435 2082 1495 scientius
2136 1440 2437 1494 versatum
2482 1432 2757 1493 Isocrate

395 1525 801 1586 confitendum
848 1533 958 1607 est,
1005 1525 1111 1585 sed
1154 1526 1436 1604 princeps
1482 1522 1824 1584 inveniendi
1867 1523 1983 1584 fuit
2026 1521 2520 1602 Thrasymachus,
2566 1523 2755 1582 cuius
2794 1531 2851 1570 1⁵

392 1616 590 1674 omnia
635 1615 815 1674 nimis
863 1615 1042 1674 etiam
1087 1621 1322 1674 exstant
1367 1615 1591 1692 scripta
1636 1627 1974 1673 numerose.
2048 1610 2213 1692 Nam,
2260 1618 2329 1671 ut
2370 1608 2569 1690 paullo
2608 1618 2759 1670 ante

390 1701 533 1782 dixi,
576 1703 740 1780 paria
786 1700 1033 1781 paribus
1079 1701 1355 1763 adiuncta
1401 1709 1463 1762 et
1508 1700 1783 1762 similiter
1830 1701 2073 1762 definita
2115 1702 2379 1778 itemque
2428 1701 2761 1759 contrariis

391 1788 578 1850 relata
623 1791 939 1870 contraria,
1002 1808 1154 1869 quae
1219 1808 1325 1850 sua
1391 1798 1625 1871 sponte,
1690 1791 1923 1850 etiamsi
1984 1787 2047 1848 id
2111 1807 2232 1849 non
2296 1805 2460 1868 agas,
2526 1787 2765 1848 cadunt

388 1877 743 1958 plerumque
791 1896 1130 1959 numerose,
1176 1877 1424 1958 Gorgias
1466 1881 1699 1958 primus
1744 1880 1988 1958 invenit,
2046 1876 2151 1938 sed
2201 1879 2289 1937 eis
2335 1883 2429 1936 est
2462 1894 2611 1937 usus
2658 1879 2759 1936 in—

390 1968 838 2046 temperantius.
929 1967 995 2027 Id
1042 1975 1241 2029 autem
1289 1974 1381 2028 est
1425 1985 1615 2046 genus
1623 2014 1643 2047 ,
1687 1975 1757 2028 ut
1802 1973 1937 2028 ante
1985 1965 2208 2026 dictum
2256 1974 2372 2046 est,
2432 1981 2507 2025 ex
2550 1963 2759 2025 tribus
2792 1976 2853 2014 ‘20
2940 1908 2943 2036 Ι

389 2054 664 2135 partibus
727 2054 1135 2117 collocationis
1194 2054 1464 2117 alterum.
1568 2054 1799 2116 Horum
1858 2063 2115 2134 uterque
2173 2054 2494 2115 Isocratem
2554 2061 2755 2114 aetate
2941 2057 2942 2060 ’

287 2157 391 2206 176
419 2144 787 2226 praecurrit,
845 2152 914 2205 ut
959 2163 1062 2205 eos
1108 2143 1207 2205 ille
1253 2145 1689 2223 moderatione,
1748 2162 1868 2204 non
1926 2144 2268 2204 inventione
2312 2144 2540 2203 vicerit.
2636 2141 2761 2203 Est

386 2317 510 2371 tum
556 2314 618 2369 in
673 2315 784 2371 hoc
827 2314 952 2385 ipso
988 2330 1197 2383 magna
1238 2314 1519 2385 quaedam
1624 2313 1787 2368 Band
1832 2313 1931 2369 des
1967 2312 2318 2369 Versmasses
2362 2311 2559 2382 freien)
2603 2313 2757 2369 Aus-

391 2389 480 2441 esi:
559 2386 646 2441 vis
725 2385 1182 2453 incredibilisque
1264 2391 1516 2441 naturae.
1625 2385 1801 2441 druck
1848 2385 1918 2439 de
1962 2401 2039 2439 or.
2087 2384 2166 2439 ΙΙΙ
2187 2426 2202 2453 ,
2250 2390 2378 2451 184ς
2436 2386 2659 2454 primus
2706 2404 2757 2439 s.

393 2456 598 2512 Omnes
643 2456 794 2512 enim
838 2456 1016 2511 tacito
1061 2456 1306 2537 quodam
1351 2472 1518 2511 sensu
1624 2456 1740 2511 ind.
1778 2456 2067 2511 Isocrates.

391 2527 512 2584 sine
549 2528 670 2583 ulls
705 2530 826 2583 arte
862 2529 963 2582 aut
986 2528 1204 2582 ratione
1231 2542 1378 2596 quae
1403 2528 1518 2583 sint
1698 2533 1782 2580 11.
1820 2532 1937 2581 tum
1970 2526 2071 2581 das
2106 2542 2226 2581 war
2258 2526 2351 2580 fiir
2374 2524 2474 2581 ihn
2501 2526 2601 2581 der
2626 2532 2757 2581 ent·

390 2601 548 2655 recta
583 2616 650 2654 ac
685 2615 864 2669 prava.
889 2598 1220 2653 diiudicant.
1305 2650 1312 2655 ,
1624 2597 1961 2653 scheidende
1972 2597 2355 2667 Augenbliek3
2390 2602 2607 2652 secutus
2620 2596 2754 2651 dar-

460 2704 594 2761 Der
644 2704 1073 2762 oratoriae-he
1109 2702 1513 2787 Rhythmus:
1624 2668 1724 2724 anf
1746 2684 2142 2738 “mgessanssen
2170 2666 2307 2735 ‘ein’
2344 2668 2757 2738 nfflhgemh·

389 2780 449 2845 α)
486 2777 847 2848 Ursprung
880 2776 996 2830 und
1031 2776 1364 2831 histonsche
1401 2777 1513 2831 An-
1620 2738 1939 2865 &jaza-17³3?
1958 2745 2217 2864 131J913
2281 2741 2347 2794 ’.η
2392 2739 2641 2794 mati‘mss
2688 2740 2758 2793 in

387 2847 560 2919 muge
597 2852 628 2913 5
668 2852 967 2903 174'476'
1113 2916 1126 2925 ·
1699 2887 1781 2937 15.
1818 2880 2137 2935 inveniendi
2178 2880 2283 2935 auf
2314 2880 2414 2935 der
2447 2880 2610 2936 Bahn
2644 2880 2757 2935 der

464 2959 514 3006 2.
552 2954 642 3007 illi
677 2953 789 3007 bes.
818 2952 1152 3008 Aristoteles
1188 2954 1305 3008 und
1333 2954 1513 3008 Theo·-
1620 2950 1944 3023 Erfindung.

388 3023 613 3094 phmst3
685 3024 816 3077 haec
863 3022 956 3077 die
1014 3023 1278 3093 specielle
1330 3024 1513 3079 Lehre
1698 3029 1780 3079 16.
1818 3024 2007 3078 omnia
2052 3022 2154 3077 das
2190 3022 2610 3077 unterscheidet
2642 3022 2753 3078 ihn

388 3110 522 3149 vom
576 3092 955 3149 oratorischen
1004 3093 1320 3164 Rhythmus
1333 3138 1346 3163 ,
1400 3111 1516 3151 von
1621 3110 1733 3149 von
1760 3092 2024 3163 Gorgian
2062 3094 2230 3148 nimis
2266 3093 2367 3149 das
2398 3092 2750 3149 untsrschei-

389 3166 492 3220 der
525 3164 630 3219 wir
665 3166 809 3221 eben
843 3164 1044 3231 reden3
1108 3166 1212 3220 illa
1258 3165 1359 3221 das
1394 3167 1509 3221 frti·
1619 3165 1718 3220 det
1751 3164 1851 3220 ihn
1886 3181 1997 3219 von
2033 3166 2318 3220 Isocrates.
2352 3194 2419 3203 —
2458 3164 2611 3219 Nam
2647 3182 2755 3219 zur

388 3236 539 3304 here,
576 3236 723 3290 oben
757 3236 858 3291 bes
897 3235 1155 3305 rochene,
1201 3236 1292 3292 die
1329 3237 1512 3292 Lehre
1616 3236 1997 3307 Begrundung
2028 3236 2130 3291 der
2164 3235 2569 3305 Behauptung,
2614 3235 2750 3290 dass

387 3323 502 3365 von
547 3306 656 3361 den
701 3322 860 3363 verse
905 3306 1136 3361 'edenen
1173 3306 1511 3377 Stilgsttun-
1616 3307 2071 3376 Thrasymachus
2152 3307 2253 3362 der
2322 3306 2577 3361 Erfinder
2644 3304 2755 3361 der

389 3395 500 3449 gen
535 3396 589 3431 u.
629 3396 673 3433 s.
708 3396 779 3433 w.
1617 3377 2137 3447 vollstnndigen
2202 3378 2383 3433 oratio
2448 3394 2757 3432 numerosa.

461 3456 512 3505 4.
559 3450 758 3504 litteris
801 3449 915 3503 tuis
959 3464 1062 3503 aus
1099 3448 1324 3504 Gallien
1359 3448 1509 3506 Einl.
1620 3448 1728 3515 sei3
1792 3450 1942 3503 deun
1996 3447 2231 3519 Gorgias
2246 3492 2261 3518 ‚
2326 3448 2427 3503 der
2476 3450 2634 3503 sonst
2685 3448 2751 3502 in

387 3528 418 3586 ξ
458 3528 506 3577 ὅ.
554 3520 918 3576 eruditissime
949 3521 1187 3575 vonach
1221 3520 1341 3575 also
1377 3520 1511 3576 dein
1617 3519 1801 3574 dieser
1835 3519 2160 3590 Beziehung
2195 3519 2280 3574 als
2316 3520 2417 3575 der
2452 3519 2749 3588 Anffinger

386 3591 706 3661 Verlangen
741 3608 843 3646 aus
879 3590 1063 3645 einem
1099 3590 1509 3646 wissenmhsst-
1694 3592 1871 3645 nannt
1913 3590 2070 3659 wird‚
2125 3607 2243 3645 war
2294 3588 2604 3659 eigentlioh
2638 3606 2753 3643 nur

387 3663 570 3718 lichen
611 3662 848 3718 Sti-eben
883 3662 1240 3731 hervorgeht.
1668 3661 1875 3716 rfinder
1911 3662 2010 3718 der
2036 3661 2384 3717 concinnitas
2410 3660 2715 3716 verborum
2728 3684 2749 3724 ;

460 3739 510 3789 8.
557 3734 710 3787 Nam
756 3731 837 3788 im
872 3732 1210 3803 Uebergung
1255 3749 1366 3788 von
1409 3732 1513 3789 der
1618 3737 1748 3787 ante
1785 3737 1931 3787 165:

388 3803 620 3873 partitio
659 3822 787 3858 zum
825 3806 1011 3859 ersten
1048 3804 1190 3873 Teil,
1235 3821 1324 3860 wo
1362 3822 1512 3872 ,nam
1694 3808 1778 3857 17.
1806 3804 1983 3872 paria
2018 3805 2124 3859 ete.
2160 3797 2500 3871 mecanicae
2536 3808 2633 3870 ⁸83
2670 3804 2751 3858 si-

387 3873 572 3929 nichts
608 3874 840 3929 anderes
867 3874 1193 3943 begrt‘inden
1218 3874 1388 3944 kann,
1425 3877 1511 3930 als
1618 3875 1823 3929 militer
1859 3875 2089 3942 definita
2124 3868 2526 3944 ὁμοιοτέλευτα
2563 3880 2651 3931 38.

387 3960 602 3999 warum
659 3943 769 3999 Cic.
821 3945 882 4000 in
935 3946 1037 4000 der
1081 3945 1318 4001 Haterio
1370 3948 1512 4003 iiber
1694 3950 1777 4000 18.
1814 3947 2101 4001 conwaria
2114 3948 2219 4000 etc.
2256 3940 2585 4007 ἀντιθέσεις
2624 3950 2749 4000 185.

386 4016 500 4071 den
552 4014 872 4083 Rhythmus
925 4019 1112 4071 zuerst
1167 4017 1239 4071 de
1292 4017 1511 4087 origine
1620 4021 1754 4084 2203
1818 4018 2027 4072 eadm
2066 4022 2184 4072 149.
2227 4023 2345 4073 168.
2384 4022 2507 4071 215.
2554 4015 2627 4071 de
2664 4034 2748 4071 or.

387 4085 697 4155 desselben,
745 4086 838 4140 die
887 4088 1030 4143 eben
1077 4087 1204 4143 eine
1254 4088 1510 4158 streitige
1618 4088 1717 4155 111,
1756 4092 1877 4142 175.

385 4173 522 4226 war,
569 4156 841 4227 spi-echon
877 4174 948 4211 zu
981 4163 1212 4213 miissen·
1241 4159 1511 4229 glaubte.‘
1688 4165 1777 4214 20.
1814 4164 1943 4213 ante
1977 4164 2008 4225 3
2048 4164 2168 4213 149.
2188 4162 2218 4169 ‘

387 4228 629 4297 Seyffert
663 4226 840 4282 schol.
876 4228 976 4285 1111..
1014 4234 1046 4293 6
1083 4236 1136 4283 4.
1690 4235 1778 4284 21.
1816 4232 2051 4285 alterum
2094 4228 2347 4284 namlich
2391 4228 2484 4284 die
2520 4229 2754 4285 concin—

459 4304 510 4355 9.
547 4299 725 4354 verbis
759 4298 954 4353 solutis
991 4300 1096 4354 wie
1131 4305 1163 4365 ξ
1191 4306 1291 4355 183
1331 4304 1511 4355 oratio
1617 4299 1766 4355 nitas
1803 4306 1925 4355 202.

383 4371 585 4438 soluta,
613 4370 743 4425 dem
769 4368 1133 4439 prossischen
1151 4372 1302 4439 (vom
1329 4372 1511 4426 festen
