2949 4647
155 1523 209 1564 15

1069 107 1371 163 ORATOR
1407 113 1493 162 22.
1532 113 1762 164 ''u-75.

2510 105 2596 170 69

235 283 502 353 ponatur
547 273 831 352 aliudque
880 281 1070 335 totum
1117 275 1214 353 sit,
1257 282 1466 334 utrum
1510 269 1765 355 ,decere‘
1808 291 1883 333 an
1928 269 2249 354 ‚oportere‘
2292 274 2453 335 dicas
2489 296 2597 356 —3
2636 285 2705 336 74

237 371 526 442 oportere
576 365 737 424 enim
782 363 1212 441 perfectionem
1270 361 1532 423 declarat
1586 362 1793 443 officii,
1850 380 1967 440 quo
2025 370 2085 422 et
2141 381 2377 442 semper
2424 370 2597 424 uten-

236 451 388 512 dum
445 459 541 512 est
597 459 659 512 et
713 450 1017 532 omnibuS,
1071 450 1285 510 decere
1343 453 1515 528 quasi
1568 459 1771 529 aptum
1828 469 1958 510 esse
2014 459 2597 530 consentaneumque

242 541 512 618 tempori
557 548 619 600 et
662 557 981 619 personae,
1037 538 1195 617 quod
1241 557 1380 598 cum
1423 541 1489 598 in
1534 540 1706 600 factis
1752 540 2095 618 saepissime
2143 546 2269 600 tum
2314 541 2377 600 in
2425 540 2599 600 dictis

181 640 210 680 5
242 627 423 708 valet,
469 630 533 688 in
579 627 750 688 vultu
795 627 1052 706 denique
1099 635 1161 688 et
1206 635 1378 706 gestu
1425 635 1489 688 et
1530 629 1797 709 incessu,
1852 635 2177 706 contraque
2232 630 2375 688 item
2420 627 2597 688 dede-

237 733 386 776 cere
407 747 516 797 —-,
561 716 720 794 quod
759 718 812 776 si
855 723 1030 795 poeta
1067 716 1220 794 fugit
1263 724 1330 776 ut
1375 718 1700 776 maximum
1746 718 1972 796 vitium,
2018 718 2121 794 qui
2156 724 2364 794 peccat
2402 718 2600 797 etiam,

239 821 386 866 cum
431 803 610 884 probi
655 807 988 866 orationem
1032 803 1275 883 adfingit
1327 804 1603 884 improbo
1658 804 1911 866 stultove
1968 806 2251 883 sapientis
2261 852 2279 885 ,
2336 805 2389 865 si
2434 805 2597 866 deni-

239 911 364 971 que
421 894 618 971 pictor
671 892 768 952 ille
825 892 996 974 vidit,
1051 910 1190 953 cum
1241 895 1304 952 in
1357 892 1715 953 immolanda
1758 892 2061 972 Iphigenia
2114 894 2305 954 tristis
2354 891 2597 954 Calchas

241 991 427 1061 esset,
476 982 708 1063 tristior
753 979 972 1062 UlixeS,
1025 990 1322 1042 maereret
1366 980 1669 1042 Menelaus
1678 1029 1697 1062 ,
1752 980 2182 1042 obvolvendum
2229 989 2407 1060 caput
2451 982 2596 1060 Aga·

153 1083 210 1122 1⁰
239 1072 588 1130 memnonis
631 1087 782 1148 esse,
829 1071 1108 1147 quoniam
1153 1087 1454 1130 summum
1489 1069 1657 1130 illum
1684 1069 1913 1130 luctum
1939 1069 2217 1149 penicillo
2246 1089 2367 1130 non
2394 1078 2601 1149 posset

237 1160 490 1238 imitari,
535 1159 588 1218 si
634 1157 892 1235 denique
937 1157 1148 1218 histrio
1195 1157 1340 1236 quid
1385 1157 1596 1218 deceat
1630 1159 1883 1239 quaerit,
1930 1158 2074 1236 quid
2101 1158 2437 1219 faciendum
2468 1177 2597 1218 ora-

239 1248 365 1306 tori
412 1241 737 1325 putemus?
777 1277 856 1289 -—
907 1244 1012 1306 sed
1059 1264 1197 1307 cum
1243 1245 1357 1305 hoc
1403 1254 1636 1307 tantum
1682 1248 1777 1326 sit,
1823 1246 1965 1324 quid
2011 1249 2075 1306 in
2121 1249 2318 1307 causis
2366 1264 2597 1306 earum-

241 1353 364 1414 que
413 1336 587 1412 quasi
631 1333 920 1394 membris
964 1334 1140 1394 faciat
1185 1343 1388 1394 orator
1431 1334 1676 1400 viderit:
1732 1334 1879 1394 illud
1926 1333 2165 1413 quidem
2210 1336 2597 1414 perspicuum

241 1431 367 1503 est,
423 1439 544 1484 non
592 1421 766 1482 modo
813 1429 1014 1501 partes
1059 1425 1372 1503 orationiS,
1425 1423 1535 1484 sed
1591 1425 1771 1483 etiam
1826 1441 2033 1484 causas
2086 1431 2241 1483 totas
2297 1422 2440 1483 alias
2486 1423 2599 1483 alia

241 1511 440 1573 forma
487 1509 725 1572 dicendi
775 1527 908 1572 esse
955 1510 1308 1572 tractandae.

431 1598 717 1677 Sequitur
762 1607 832 1659 ut
877 1601 1168 1678 cuiusque
1215 1601 1452 1678 generis
1498 1607 1639 1659 nota
1685 1608 2006 1678 quaeratur
2053 1608 2113 1660 et
2158 1599 2437 1660 formula:
2492 1597 2599 1681 23,

242 1703 530 1766 magnum
579 1703 730 1765 opus
778 1694 840 1746 et
883 1687 1163 1768 arduum,
1218 1695 1285 1748 ut
1333 1705 1509 1767 saepe
1555 1689 1672 1747 iam
1718 1687 1975 1749 diximus
1984 1736 2001 1769 ,
2058 1688 2162 1748 sed
2219 1687 2603 1768 ingredienti·
2652 1699 2657 1704 '

243 1775 364 1836 bus
413 1774 912 1835 considerandum
959 1775 1072 1835 fuit
1119 1775 1259 1855 quid
1299 1793 1631 1858 ageremuS,
1676 1795 1837 1838 nunc
1868 1777 2107 1856 quidem
2134 1779 2270 1858 iam,
2318 1795 2602 1857 quocum·

243 1881 367 1944 que
415 1863 699 1944 feremur,
748 1862 936 1923 danda
982 1866 1264 1924 nimirum
1310 1864 1437 1924 vela
1484 1872 1641 1926 sunt.

322 2075 373 2123 1.
418 2073 664 2136 oportere
705 2068 782 2123 ist
825 2069 948 2124 also
991 2069 1093 2124 das
1130 2069 1370 2139 absolut,

243 2140 446 2194 decere
503 2139 604 2194 das
657 2139 861 2194 relativ
916 2159 986 2194 zu
1047 2140 1368 2206 fordernde3

243 2211 396 2266 denn
435 2209 534 2264 der
569 2209 786 2280 Begriff
826 2214 1084 2280 oportere
1132 2211 1371 2266 umfasst

245 2281 366 2351 das,
413 2296 532 2335 was
569 2298 666 2335 zur
700 2280 888 2337 vollen
923 2281 1238 2353 Ausiibung
1273 2282 1372 2337 der

243 2352 536 2409 sittlichen
573 2352 778 2407 Pflicht
814 2352 1128 2423 geschehen
1163 2371 1334 2409 muss.

318 2430 370 2479 3.
408 2424 574 2505 quasi
598 2441 694 2477 um
722 2423 1087 2489 {mandentem
1125 2424 1253 2479 dass
1281 2424 1371 2479 die

243 2492 554 2550 Defimtion
609 2493 712 2548 das
766 2494 1122 2551 umfassende
1167 2494 1373 2550 Wesen

245 2568 346 2621 des
401 2564 668 2620 decorum
731 2583 836 2619 nur
899 2564 1225 2621 annahernd
1289 2582 1371 2620 er-

245 2636 490 2705 sch6pft.

321 2712 369 2765 6.
397 2710 569 2775 poeta
604 2705 720 2761 und
748 2706 961 2774 pictor,
999 2706 1180 2762 denen
1215 2710 1373 2763 sonet

245 2778 517 2833 manches
582 2794 652 2831 zu
713 2778 848 2846 gute
910 2777 1178 2846 gehalten
1229 2777 1372 2833 wird

245 2848 383 2905 Hor.
419 2849 525 2902 art.
561 2849 713 2917 poet.
745 2847 830 2903 ef.
861 2847 1170 2917 pictoribus
1198 2850 1370 2919 atque

243 2918 429 2989 poetis
488 2918 781 2987 quodlibet
843 2918 1085 2974 audendi
1150 2935 1370 2989 semper

243 2990 356 3045 fuit
392 3005 575 3057 aequa
609 2990 876 3058 potestas.
933 2990 1067 3044 Luc.
1104 3006 1159 3059 p.
1196 2989 1366 3075 imag.

249 3067 316 3115 18
351 3058 596 3122 παλαιὸς
632 3050 796 3125 οὗτος
843 3055 874 3113 ὁ
912 3056 1078 3146 λόγος
1114 3055 1368 3115 ἄνευθύ-

243 3150 379 3258 νοέυς
437 3127 586 3185 εἶναι
639 3129 739 3184 καὶ
793 3150 1032 3199 normas
1086 3130 1184 3185 καὶ
1236 3150 1370 3201 γρα-

247 3222 294 3271 φ
327 3222 412 3265 ας.

304 3279 367 3399 ἓ.
425 3274 612 3342 pictor
659 3272 754 3327 ille
809 3288 882 3329 sc.
941 3271 1270 3329 Timanthes
1325 3292 1369 3331 s.

241 3362 302 3398 in

319 3438 402 3487 11.
463 3432 516 3486 si
562 3432 794 3501 denique
855 3432 958 3487 das
1022 3432 1370 3503 zweimalige

245 3503 488 3573 denique
530 3502 602 3571 (si
636 3502 880 3572 denique
915 3502 1122 3573 pictor)
1167 3504 1226 3558 in
1271 3504 1372 3558 der

241 3574 536 3630 lebhaften
573 3571 908 3644 Steigerung
944 3574 1051 3629 wie
1087 3576 1258 3629 Acad.
1297 3574 1368 3643 II,

245 3652 332 3715 44,
373 3650 476 3700 136
505 3642 678 3711 a.E.;
749 3646 983 3710 oratori,
1055 3645 1154 3699 der
1218 3646 1372 3701 einer

245 3717 392 3771 noch
449 3718 771 3784 strengeren
816 3715 1006 3770 Kritik
1058 3719 1374 3787 ausgesetzt

243 3787 334 3855 ist,
383 3787 476 3841 ffir
530 3786 640 3841 den
694 3785 786 3840 die
822 3786 1226 3857 Beobachtung
1270 3788 1370 3843 des

245 3858 511 3914 decorum
567 3857 686 3924 (der
721 3856 937 3927 Folgen
981 3858 1199 3929 wegen)
1254 3858 1370 3915 viel

245 3928 545 3999 wichtiger
580 3928 672 3983 ist.

317 4006 404 4057 13.
441 4000 608 4069 quasi
641 4000 894 4055 mmbris
928 4000 1036 4055 mit
1063 4000 1369 4057 Anachluss

247 4088 320 4125 an
374 4070 475 4126 das
530 4070 674 4127 eben
727 4071 1014 4126 erwahnte
1059 4071 1213 4127 Bild:
1278 4071 1370 4127 die

248 4157 448 4197 causae
505 4140 632 4197 sind
675 4142 766 4196 fiir
809 4142 918 4197 den
951 4142 1198 4211 Redner,
1253 4159 1370 4198 was

247 4213 348 4267 das
383 4211 547 4283 Snjet
581 4212 674 4267 fiir
708 4213 818 4268 den
854 4213 1056 4279 Mala-3
1107 4213 1198 4269 die
1242 4230 1370 4283 par-

243 4287 334 4339 tes
387 4299 594 4340 causae
639 4284 1010 4353 entsprechen
1063 4284 1212 4339 dann
1260 4284 1372 4339 den

248 4354 536 4411 einzelnen
581 4355 847 4425 Gruppen
899 4354 996 4410 des
1053 4354 1368 4412 Gemaldes.

1478 2069 1672 2124 Damit
1724 2069 1802 2125 ist
1850 2069 1999 2124 denn
2048 2069 2193 2126 auch
2242 2069 2341 2124 der
2394 2069 2602 2125 Ueber-

1480 2157 1633 2211 gang
1669 2159 1741 2195 zu
1776 2141 1883 2196 den
1930 2138 2051 2195 drei
2085 2139 2213 2196 Hau
2250 2140 2603 2223 tetilgattun·

1480 2228 1590 2280 gen
1617 2213 1899 2282 gemacht,
1936 2212 2104 2266 deren
2138 2158 2269 2282 jerfe
2296 2211 2605 2283 gleichsam

1482 2282 1573 2338 ein
1607 2281 2033 2339 verschiedenes
2070 2282 2334 2339 decorum
2368 2282 2457 2337 fiir
2484 2281 2605 2339 sich

1480 2354 1541 2408 in
1582 2355 1875 2425 Anspruch
1921 2354 2153 2423 nimmt3
2216 2355 2418 2409 viderit
2470 2370 2607 2423 mag

1482 2426 1669 2493 seben,
1726 2425 1808 2481 sei
1860 2425 1980 2479 ihm
2032 2442 2103 2479 zu
2156 2424 2461 2495 fiberlegen
2506 2441 2604 2480 an-

1480 2496 1913 2567 heimgegeben,
1946 2514 1987 2551 a.
2026 2500 2056 2562 ἓ
2098 2501 2217 2551 152.

1553 2638 1584 2691 b
1680 2636 1769 2691 im
1840 2635 2265 2691 besonderen
2330 2635 2607 2691 erweislz

1482 2706 1605 2767 sic,
1702 2707 1808 2762 die
1876 2705 2401 2761 Meisterschaft
2482 2707 2601 2761 des

1480 2779 1751 2833 wahren
1785 2776 2112 2832 Redners:
2165 2776 2237 2835 Α.
2276 2776 2337 2833 in
2373 2777 2605 2847 denge-

1481 2847 1770 2905 schickten
1840 2848 2211 2917 Anwendung
2287 2848 2387 2904 der
2459 2847 2606 2903 drei

1480 2917 2083 2989 genera.dicendi;

1478 3102 1509 3163 ἓ
1544 3027 1615 3151 ἑὲ
1641 3025 1757 3152 ᾀεξο
1793 3043 2005 3097 genus
2051 3028 2252 3081 tenue
2300 3024 2599 3097 (Atticum)

1552 3210 1636 3258 16.
1683 3208 1817 3258 nota
1860 3203 1961 3259 das
2006 3202 2423 3271 Kennzeichen,
2469 3202 2602 3256 cha.-

1474 3274 1902 3329 rakteristische
1970 3274 2248 3331 Merkmal
2306 3281 2403 3341 463
2486 3273 2600 3339 for-

1478 3346 1631 3399 mula
1665 3350 1734 3401 36
1790 3344 2111 3401 bestimmte
2160 3347 2417 3400 concrete
2462 3343 2598 3399 Fas-

1480 3432 1639 3487 sung.

1553 3510 1637 3559 17.
1682 3520 1841 3573 saepe
1876 3511 1962 3560 33.
2003 3510 2095 3572 523
2160 3505 2185 3558 i
2257 3503 2597 3577 ¹edientilms

1481 3592 1555 3631 sc.
1592 3574 1703 3631 iter
1738 3576 1875 3631 oder
1912 3592 2149 3643 cursum,
2186 3591 2223 3629 a
2245 3591 2307 3629 so
2336 3573 2441 3629 che
2467 3589 2602 3627 man

1480 3645 1626 3701 noch
1672 3645 1775 3701 auf
1818 3645 1919 3701 der
1963 3646 2151 3701 hohen
2188 3645 2293 3701 See
2336 3644 2443 3711 ist,
2490 3645 2605 3699 wol

1479 3717 1589 3772 mit
1649 3716 2003 3787 Anapielung
2065 3715 2167 3770 auf
2226 3715 2325 3771 das
2388 3715 2599 3785 griech.

1483 3787 1715 3843 Skolion
1770 3787 1863 3843 bei
1916 3787 2240 3854 Athenaeus
2288 3786 2411 3856 XV,
2466 3792 2599 3842 2952

1478 3854 1545 3914 ἐκ
1608 3859 1711 3927 γῆς
1764 3856 1869 3929 μὲν
1924 3853 2110 3927 ἄνδρα
2177 3853 2279 3927 χρὴ
2344 3859 2603 3913 κατιδεῖν

1476 3924 1671 3999 πλόον,
1719 3932 1783 3983 εἴ
1806 3948 1891 3991 τις
1928 3924 2163 3984 δύναιτο
2200 3928 2297 3983 καὶ
2332 3924 2603 3998 παλάμην

1480 3997 1624 4069 ἔχοι·
1665 3995 1791 4055 ἐπεὶ
1827 3998 1892 4055 δέ
1930 3994 1989 4054 κ’
2031 3996 2095 4055 ἐν
2132 3996 2320 4071 πόντῳ
2348 3998 2599 4069 γένηται,

1476 4072 1554 4143 τῷ
1590 4065 1865 4141 παρεόντι
1900 4069 2120 4141 τρέχειν
2157 4066 2381 4140 ἀνάγκη
2418 4070 2489 4124 de
2516 4085 2598 4125 or.

1476 4142 1521 4210 Ι,
1561 4147 1681 4197 147.
1718 4142 1816 4210 ΙΠ,
1857 4147 1977 4197 144.

1554 4218 1637 4267 19.
1674 4213 1867 4267 danda
1902 4214 2021 4268 vela
2056 4217 2187 4268 sunt
2222 4210 2477 4279 deor.11,
2498 4216 2599 4265 18⁷

1481 4282 1557 4338 ad
1590 4283 1668 4351 id,
1704 4283 1853 4338 unde
1891 4283 2098 4353 aliquis
2144 4283 2311 4338 flatus
2359 4281 2603 4337 ostendi·

1477 4357 1587 4425 tur,
1624 4355 1753 4410 vela
1788 4354 1878 4410 do.

2640 1592 2709 1642 75
