2949 4647
277 115 465 194 ‚52

268 1098 336 1147 41

1211 113 1510 170 ORATOR
1547 120 1633 170 13.
1669 119 1897 169 40-41.

379 285 556 344 aetati
602 285 891 344 successit
927 283 1236 362 IsocrateS,
1282 283 1384 360 qui
1429 289 1669 361 praeter
1714 290 1947 342 ceteros
1994 281 2263 344 eiusdem
2306 283 2545 361 generis
2589 282 2712 342 lau·

378 371 553 434 datur
615 389 853 452 semper
915 390 949 431 a
1013 370 1210 452 nobis,
1273 386 1745 452 nonnumquam,
1806 369 2017 452 Brute,
2080 371 2295 431 leniter
2358 379 2420 430 et
2482 370 2714 431 erudite

377 468 746 540 repugnante
791 467 868 521 te.

971 459 1088 520 Sed
1135 458 1344 520 credes
1388 459 1536 520 mihi
1588 459 1867 538 fortasse,
1932 461 1984 520 si
2042 459 2187 538 quid
2238 461 2301 520 in
2358 478 2427 519 eo
2483 459 2717 520 laudem

379 552 743 630 cognoveris,
833 549 980 609 Nam
1017 566 1153 608 cum
1199 550 1477 609 concisus
1523 549 1579 607 ei
1622 547 2101 627 Thrasymachus
2156 550 2401 609 minmis
2446 550 2713 609 numeris

376 639 681 699 videretur
717 645 777 698 et
813 637 1076 718 GorgiaS,
1121 639 1226 716 qui
1261 645 1460 698 tamen
1495 637 1673 716 primi
1708 635 2027 699 traduntur
2072 644 2199 698 arte
2236 637 2489 716 quadam
2532 636 2713 698 verba
2740 659 2767 699 5

377 729 662 807 vinxisse,
727 725 1102 806 Thucydides
1167 734 1365 786 autem
1418 725 1810 808 praefractior
1854 743 1966 786 nec
2023 728 2163 786 satis
2173 773 2191 806 ,
2254 736 2323 786 ut
2374 728 2457 786 ita
2500 725 2713 805 dicam,

377 815 698 896 rotunduS,
755 818 985 895 primus
1041 816 1300 876 instituit
1355 814 1599 875 dilatare
1653 813 1851 874 verbis
1906 823 1969 874 et
2019 813 2388 875 mollio-ribus
2444 817 2713 876 numeris

377 905 614 984 explere
655 906 994 966 sententias
1067 903 1136 966 In
1173 921 1292 984 quo
1331 921 1468 964 cum
1505 901 1749 963 doceret
1786 919 1905 982 eos,
1952 904 2055 982 qui
2090 905 2307 982 partim
2342 905 2405 964 in
2442 902 2713 983 dicendo,

376 995 593 1071 partim
637 995 700 1052 in
746 992 1061 1053 scribendo
1108 994 1409 1072 principes
1455 993 1841 1072 exstiterunt,
1898 991 2109 1052 domus
2154 991 2295 1054 eius‘
2330 993 2567 1052 officina
2610 991 2713 1052 ha-

377 1080 500 1143 hita
543 1081 917 1160 eloquentiae
965 1089 1072 1142 est.
1164 1081 1369 1160 Itaque
1416 1088 1485 1142 ut
1530 1098 1666 1162 ego,
1721 1099 1860 1140 cum
1919 1098 1953 1140 a
1998 1088 2201 1141 nostro
2248 1079 2469 1142 Catone
2515 1080 2713 1141 lauda·
2744 1092 2800 1131 10

375 1170 509 1252 bar,
572 1170 665 1230 vel
727 1169 1086 1250 reprehendi
1147 1187 1242 1230 me
1303 1189 1338 1230 a
1401 1171 1621 1231 ceteris
1682 1168 1853 1228 facile
1915 1169 2205 1249 patiebar,
2271 1172 2356 1230 sic
2419 1168 2713 1230 Isocrates

376 1259 609 1320 videtur
672 1261 1012 1319 testimonio
1075 1258 1336 1320 Platonis
1411 1257 1662 1318 aliorum
1735 1257 1955 1318 iudicia
2027 1258 2244 1320 dehere
2310 1267 2714 1320 contemnere.

374 1347 485 1408 Est
529 1350 704 1428 enim,
751 1355 820 1408 ut
865 1349 1000 1430 sciS,
1047 1350 1216 1426 quasi
1260 1349 1323 1408 in
1369 1356 1635 1408 extrema
1677 1349 1887 1428 pagina
1916 1346 2171 1408 Phaedri
2196 1347 2291 1406 his
2328 1349 2475 1427 ipsis
2512 1346 2713 1408 verbis

373 1437 625 1518 loquens
673 1436 982 1497 Socrates:
1055 1431 1440 1497 ‘Adulescens
1496 1437 1674 1496 etiam
1728 1453 1917 1518 nunc,
1980 1455 2015 1496 o
2060 1433 2355 1516 Phaedre,
2416 1434 2711 1496 Isocrates

374 1536 492 1606 est3
548 1525 653 1586 sed
699 1525 842 1604 quid
888 1524 960 1585 de
1005 1525 1106 1584 illo
1153 1543 1412 1604 augurer
1457 1523 1623 1586 lubet
1666 1525 1884 1584 dicere.
1976 1524 2131 1596 Quid
2174 1520 2457 1586 tandem?
2510 1525 2709 1603 inquit
2743 1537 2803 1577 1⁵

371 1613 488 1675 ille.

579 1613 797 1675 Maiore
842 1613 990 1674 mihi
1032 1615 1270 1693 ingenio
1324 1614 1560 1676 videtur
1604 1631 1763 1694 esse,
1820 1630 1997 1692 quam
2043 1622 2109 1674 ut
2154 1632 2291 1675 cum
2337 1612 2707 1674 orationihus

287 1719 299 1732 ·
372 1701 579 1782 Lysiae
627 1709 1028 1782 comparetur;
1073 1711 1384 1782 praeterea
1419 1703 1493 1763 ad
1528 1705 1811 1764 virtutem
1836 1704 2023 1762 maior
2059 1702 2305 1784 indoleS,
2353 1708 2419 1762 ut
2464 1703 2737 1774 minime,

371 1795 592 1852 mirum
635 1791 906 1852 futurum
950 1793 1045 1872 sit,
1093 1794 1160 1874 si,
1215 1809 1352 1853 cum
1399 1800 1587 1852 aetate
1632 1793 2022 1872 processerit,
2080 1800 2183 1852 aut
2223 1793 2289 1850 in
2332 1791 2447 1851 hoc
2492 1792 2707 1851 oratio·

371 1899 517 1940 num
563 1898 807 1959 genere,
871 1882 970 1940 cui
1023 1899 1182 1940 nunc
1237 1881 1464 1962 studet,
1527 1886 1759 1941 tantum
1813 1887 2102 1959 quantum
2163 1881 2393 1961 pueriS,
2456 1880 2710 1958 reliquis

371 1976 636 2050 praestet
689 1968 990 2050 omnibus,
1054 1971 1158 2055 qui
1211 1987 1495 2048 umquam
1552 1970 1849 2029 orationes
1895 1968 2245 2049 attigerunt3
2309 1977 2412 2029 aut
2465 1969 2534 2029 si.
2562 1985 2703 2028 con·
2740 1981 2805 2022 20

371 2120 763 2190 nikenartigen
795 2121 1176 2192 Darstellung,
1213 2121 1332 2191 ‚qui
1365 2123 1485 2176 sine

370 2194 504 2248 allis
539 2193 871 2247 ornamentis
905 2193 1267 2247 monumenta.
1304 2191 1487 2248 solum

371 2265 706 2333 temporum,
727 2263 1018 2319 hominum
1034 2263 1286 2319 locorum
1301 2266 1486 2335 gesta.-

370 2352 826 2460 rumstuebgerum
871 2334 1219 2405 reliquerunt
1253 2338 1379 2390 etc.‘
1415 2335 1487 2391 de

371 2422 452 2461 or.
543 2447 558 2473 ,
667 2449 680 2462 .

445 2484 494 2531 1.
554 2477 828 2532 Isocrates
884 2476 1024 2531 wird
1072 2477 1195 2531 hier
1255 2496 1362 2531 nur
1423 2476 1489 2532 in

367 2546 721 2603 stilistischer
733 2546 1053 2617 Beziehung
1079 2548 1332 2603 erwahnt
1363 2547 1482 2603 und

368 2636 516 2673 zwar
563 2618 624 2673 in
673 2619 772 2674 der
819 2618 985 2673 Mitte
1047 2619 1321 2674 zwischen
1373 2620 1483 2674 den

369 2690 666 2759 Sophisten
713 2690 889 2744 einer-
951 2690 1066 2743 und
1129 2690 1236 2745 den
1301 2690 1483 2745 altem

365 2760 739 2828 Histoi-sstem,
797 2761 914 2819 bes.
973 2760 1335 2831 Thucydides
1382 2778 1482 2815 an-

366 2832 678 2899 dererseits,
714 2832 897 2887 sofern
931 2848 1033 2887 aus
1070 2834 1252 2886 seiner
1279 2832 1483 2887 Schule

361 2902 428 2973 ja.
464 2903 607 2957 auch
641 2902 732 2957 die
767 2902 1268 2958 rhetorisierenden
1294 2900 1483 2959 Histo-

367 2974 518 3029 riker
529 2974 1000 3043 hervorgiengen;
1031 2979 1252 3041 praeter
1289 2978 1485 3029 ceteros

367 3039 488 3099 also
533 3044 960 3115 hauptsachlich
996 3044 1391 3115 Theopompus
1427 3062 1482 3099 u.

367 3114 624 3197 Ephorus
673 3116 788 3184 ,qui
835 3147 901 3155 -
951 3114 1024 3169 ab
1071 3114 1316 3170 Isocrate
1366 3132 1483 3171 ma-

365 3188 544 3257 gistro
580 3186 808 3255 impulsi
846 3202 904 3240 se
931 3185 1005 3240 ad
1030 3184 1325 3241 historiam
1353 3202 1483 3243 con-

339 3253 634 3312 'tulerunt‘
671 3258 740 3312 de
778 3272 856 3311 or.
892 3256 964 3323 ΙΙ,
1003 3262 1086 3311 57.

439 3334 490 3383 3.
539 3332 882 3397 repaynante
928 3332 993 3389 te,
1039 3344 1080 3383 e.
1132 3326 1278 3385 Einl.
1315 3330 1346 3393 ἓ
1388 3333 1481 3395 153

367 3400 547 3453 credes
583 3398 756 3465 ,wirst
789 3398 898 3452 mir
931 3397 1115 3452 Recht
1149 3398 1367 3467 geben‘.

439 3476 489 3524 4.
528 3469 776 3523 concisas
811 3467 1039 3523 ahnlioh
1073 3468 1179 3523 wie
1206 3468 1360 3524 Brut.
1377 3475 1481 3525 287

369 3539 505 3609 quid
542 3542 626 3595 est
659 3542 778 3597 tam
821 3540 1086 3610 fractum,
1136 3542 1256 3598 tam
1300 3540 1480 3595 minu-

365 3614 525 3665 tum?
577 3610 728 3665 aeine
765 3610 1038 3665 Perioden
1080 3610 1280 3666 fiossen
1329 3612 1489 3666 nieht

367 3681 427 3735 in
455 3682 638 3735 einem
652 3680 795 3737 Guss
822 3682 1014 3751 dahin,
1049 3682 1248 3737 hatten
1276 3700 1345 3736 zu
1372 3682 1487 3737 viel

366 3750 717 3807 Einschnitte
731 3794 746 3821 ,
801 3753 1067 3808 wodurch
1117 3754 1258 3808 eben
1305 3753 1489 3821 lauter

365 3822 570 3890 kleine,
581 3823 1001 3894 abgebrochene
1014 3822 1358 3906 Satzglieder
1367 3825 1487 3879 ent·

367 3894 604 3949 standan
626 3894 743 3949 und
757 3894 846 3949 die
864 3894 1196 3965 Symmetne
1216 3911 1286 3948 zu
1303 3894 1485 3949 klein·

365 3964 481 4019 lich
517 3966 722 4021 wurde.
996 3984 1004 3991 ·

439 4041 488 4092 5.
539 4038 637 4107 qui
671 4042 853 4093 tamen
887 4038 995 4091 etc.
1049 4036 1148 4091 das
1185 4035 1487 4091 Verdienst

363 4106 546 4163 bleibt
579 4107 751 4164 ihnen
787 4106 957 4163 dabei
992 4106 1154 4177 doch,
1190 4107 1298 4161 mit
1333 4106 1489 4161 einer

365 4178 474 4234 Art
527 4180 912 4235 technischem
958 4177 1305 4233 Bewustsein
1326 4220 1340 4247 ,
1399 4194 1488 4232 ra·

363 4248 519 4306 tione
565 4251 809 4319 quadam
859 4251 970 4319 (77)
1023 4250 1169 4303 nach
1213 4248 1489 4319 gewissen

366 4320 730 4375 stilistischen
777 4320 1049 4375 Gesetzen
1095 4320 1202 4375 mit
1246 4320 1346 4375 der
1381 4320 1486 4375 Pe-

369 4390 804 4462 riodenbildung
846 4392 908 4446 in
951 4392 1051 4445 der
1086 4392 1270 4447 soluta.
1305 4390 1487 4448 oratio

1592 2120 1701 2175 den
1757 2121 1983 2192 Anfang
2044 2121 2308 2195 gemacht
2371 2139 2441 2175 zu
2500 2121 2716 2190 haben3

1591 2192 1757 2246 verba
1773 2193 2013 2246 vinxisse
2034 2199 2153 2251 168.
2170 2198 2256 2248 64.
2287 2192 2357 2246 de
2372 2207 2450 2248 or.
2464 2191 2561 2260 ΠΙ,
2592 2198 2716 2248 176.

1665 2269 1715 2316 6.
1745 2263 2119 2333 praefractior
2138 2280 2197 2318 er
2218 2263 2364 2318 'lasst
2376 2263 2469 2318 die
2480 2262 2717 2318 Periode

1593 2334 1753 2389 nicht
1784 2336 2151 2404 ungehemmt
2185 2352 2373 2405 genug
2408 2335 2515 2389 den
2530 2334 2718 2389 Kreis-

1594 2405 1720 2459 lauf
1750 2406 2070 2476 vollenden‚
2116 2407 2351 2461 sondern
2396 2406 2593 2460 kniekt
2629 2406 2716 2460 sie

1596 2476 1905 2545 gleichsam
1940 2478 2143 2533 vorher
2169 2478 2276 2545 ein,
2312 2477 2577 2531 wodureh
2610 2476 2717 2531 der

1588 2546 1881 2603 Ausdruck
1919 2550 2091 2603 etwas
2127 2567 2195 2603 zu
2230 2547 2439 2603 schroff
2467 2547 2621 2615 wird,
2666 2566 2712 2603 s.

1586 2624 1695 2673 234
1738 2618 1799 2673 in
1835 2619 2159 2689 Thucydide
2210 2619 2401 2674 orbem
2436 2618 2714 2674 orationis

1588 2689 1861 2745 desidero.

1663 2766 1710 2821 ἵ.
1748 2762 1983 2817 dilatare
2020 2762 2105 2815 als
2144 2760 2429 2816 Correctiv
2478 2760 2567 2814 fur
2602 2759 2711 2817 das

1590 2833 1809 2887 concise
1889 2832 2117 2886 minutis
2189 2831 2433 2887 numeris
2448 2850 2460 2871 ⁸
2504 2830 2709 2886 dicere.

1590 2902 1789 2957 Parad.
1824 2918 2069 2971 prooem.
2100 2908 2133 2957 2
2161 2918 2345 2971 neque
2379 2901 2585 2956 dilatat
2621 2918 2715 2957 ar·

1591 2975 1945 3044 gumentum‚
1992 2974 2091 3029 sed
2136 2974 2369 3028 minutis
2402 2974 2717 3042 interroga.-

1590 3044 1855 3098 tiunculis
1903 3044 2068 3113 quasi
2120 3044 2340 3113 punctis
2388 3044 2539 3112 quod
2582 3060 2721 3113 pro-

1590 3114 1777 3184 posuit
1813 3115 1998 3171 efficit.

1660 3192 1711 3240 8.
1763 3186 1990 3255 explere,
2028 3186 2145 3241 also
2192 3184 2398 3241 keinen
2435 3184 2718 3239 sehr-offen

1594 3256 1859 3314 Abbruch
1893 3258 2192 3327 gestatten‚
2232 3256 2342 3311 den
2368 3256 2529 3311 Kteis
2564 3256 2720 3311 voll-

1589 3328 1797 3397 enden‚
1846 3328 1931 3383 als
1969 3326 2251 3383 Correctiv
2286 3327 2378 3381 fiir
2417 3327 2517 3381 das
2551 3342 2720 3396 prae-

1586 3398 1819 3454 fractius
1856 3398 2041 3454 dicere
2081 3403 2199 3453 168.
2239 3404 2359 3453 230.

1660 3474 1709 3523 9.
1756 3470 1820 3523 in
1862 3470 2147 3524 scribendo
2192 3470 2243 3524 d.
2284 3469 2339 3524 h.
2390 3468 2482 3523 die
2528 3485 2721 3524 rerum

1589 3540 1905 3609 scriptores,
1944 3540 2036 3595 die
2070 3539 2572 3595 rhetorisierenden
2606 3539 2713 3593 Hi-

1594 3610 1835 3665 storiker
1870 3612 1969 3665 der
2003 3612 2232 3666 isokrat.
2271 3610 2476 3665 Schule
2528 3610 2597 3664 de
2636 3627 2720 3665 or.

1594 3680 1665 3748 Π,
1705 3687 1799 3748 943
1833 3683 2113 3751 principes
2150 3682 2221 3736 de
2255 3697 2334 3738 or.
2372 3681 2442 3750 ΙΙ,
2481 3687 2551 3735 94
2586 3696 2728 3737 ecce

1593 3751 1704 3807 tibi
1739 3754 1960 3807 exortus
1998 3754 2085 3807 est
2119 3752 2410 3822 Isocrates,
2446 3751 2734 3822 magister

1593 3822 1832 3878 istorum
1860 3823 2125 3891 omnium,
2164 3823 2320 3878 cuius
2349 3840 2380 3877 e
2407 3822 2543 3877 ludo
2570 3826 2733 3877 tam-—

1595 3910 1765 3963 quam
1802 3911 1869 3949 ex
1916 3911 2059 3963 equo
2095 3894 2337 3950 Troiano
2380 3892 2521 3949 meri
2566 3893 2735 3963 prin—

1596 3964 1748 4034 cipes
1784 3964 2041 4021 exierunt
2075 3965 2229 4020 Brut.
2269 3970 2354 4019 32.

1672 4042 1757 4091 10.
1798 4052 1920 4091 cum
1956 4038 2260 4091 laudabar:
2306 4035 2564 4107 zugleich
2608 4037 2736 4092 wol

1598 4106 1691 4163 ein
1707 4108 1900 4177 Wink,
1938 4107 2066 4163 dass
2086 4106 2306 4163 Ciceros
2342 4108 2466 4162 laus
2488 4107 2731 4163 Catonis

1599 4179 1819 4234 einfach
1875 4178 1998 4234 eine
2043 4178 2248 4233 Pflieht
2290 4178 2391 4233 der
2424 4178 2729 4234 Dankbar—

1596 4249 1718 4306 keit
1752 4268 1869 4305 war
1904 4254 1989 4307 35.

1669 4327 1755 4376 13.
1801 4326 1878 4377 est
1924 4352 1991 4361 -
2038 4322 2259 4391 loquens
2305 4319 2463 4389 ‚wird
2504 4320 2736 4377 redend

1598 4392 1952 4462 eingefiihrt‘3
1990 4394 2152 4461 quasi
2187 4408 2264 4460 ‚so
2301 4389 2596 4447 ziemlich‘.
