2949 4647
219 302 324 355 211

227 1174 334 1260 63,
353 1188 454 1238 212

327 122 456 189 140

1123 122 1424 179 ORATOR.
1459 128 1545 178 62.
1580 129 1649 177 21
1660 129 1885 177 1-213.

503 289 662 351 Haec
709 298 908 351 autem
954 291 1141 352 forma
1189 290 1499 353 retinenda
1554 308 1674 352 non
1730 290 1832 351 diu
1888 298 2005 370 est,
2064 306 2185 350 non
2240 288 2371 351 dico
2427 289 2489 347 in
2537 305 2676 366 per-

327 380 622 459 oratione,
677 398 855 458 quam
914 380 1102 460 ipsam
1148 378 1426 461 includit,
1483 380 1587 441 sed
1641 381 1703 439 in
1750 381 2037 441 orationis
2080 376 2331 456 reliquis
2384 375 2679 457 partibus,

327 468 476 529 Nam
521 486 659 529 cum
705 471 788 529 sis
833 469 922 528 eis
977 468 1125 528 locis
1183 484 1356 549 usuS,
1425 467 1644 547 quibus
1702 468 1937 529 ostendi
1993 466 2203 546 licere,
2260 464 2679 527 transferenda

326 564 452 617 tota
496 555 678 617 dictio
723 564 817 617 est
863 556 934 617 ad
979 556 1102 638 illa,
1158 575 1308 635 quae
1357 558 1561 619 nescio
1616 574 1751 637 cur,
1808 574 1945 617 cum
1990 554 2200 617 Graeci
2252 545 2559 634 κόμματα
2616 562 2681 613 et

327 642 512 707 κῶλα
555 647 880 725 nominent,
926 663 1036 706 nos
1081 664 1201 707 non
1248 654 1412 707 recte
1457 647 1645 707 incisa
1692 653 1752 707 et
1799 643 2063 705 membra
2110 643 2393 705 dicamus,
2464 641 2678 720 Neque
2704 652 2737 693 ⁵

331 736 490 795 enim
536 752 668 795 esse
714 742 966 813 possunt
1011 733 1193 796 rebus
1238 736 1458 813 ignotis
1505 743 1646 797 nota
1692 736 1958 815 nomina,
2014 733 2120 794 sed
2165 750 2302 793 cum
2347 730 2528 791 verba
2576 736 2683 790 aut

331 824 635 885 suavitatis
681 830 784 883 aut
827 824 1060 902 inopiae
1107 841 1284 885 causa
1339 824 1666 885 transferre
1722 820 2045 903 soleamne,
2108 822 2173 883 in
2228 819 2503 881 omnibus
2560 819 2679 879 hoc

329 912 399 971 fit
443 910 690 991 artibus,
736 920 819 991 ut,
865 929 1002 973 cum
1047 911 1108 971 id
1153 912 1567 991 appellandum
1616 914 1711 992 sit,
1764 910 1925 991 quod
1968 918 2215 990 propter
2261 927 2465 970 rerum
2511 909 2681 987 igno-

329 1002 622 1061 rationem
666 1002 932 1079 ipsarum
978 1000 1207 1062 nullum
1252 1000 1528 1063 habuerit
1572 1009 1709 1061 ante
1748 1016 1985 1081 nomen,
2022 1001 2349 1063 necessitas
2377 1004 2549 1075 cogat
2578 1003 2684 1057 aut

332 1106 550 1149 novum
596 1088 790 1149 facere
838 1088 1084 1162 verbum
1129 1096 1232 1150 aut
1267 1108 1310 1163 ‚a
1355 1089 1536 1151 simili
1580 1091 1857 1153 mutuari.

636 1175 768 1248 Quo
830 1186 1029 1239 autem
1096 1186 1268 1257 pacto
1345 1179 1555 1241 deceat
1621 1180 1809 1239 incise
1872 1175 2319 1238 membratimve
2380 1174 2499 1235 dici
2563 1175 2683 1235 iam

332 1264 689 1346 videbimus3
745 1284 904 1327 nunc
951 1274 1097 1345 quot
1143 1266 1336 1327 modis
1381 1274 1691 1329 mutentur
1736 1265 2305 1346 comprehensiones
2348 1262 2683 1325 conclusio-

333 1373 558 1434 nesque
615 1353 933 1415 dicendum
989 1363 1096 1415 est.

1205 1354 1366 1419 Fluit
1425 1358 1669 1417 omnino
1730 1372 2017 1416 numerus
2071 1372 2104 1415 a
2157 1355 2351 1433 primo
2408 1360 2537 1413 tum
2592 1353 2683 1410 in-

334 1445 573 1504 citatius
627 1442 915 1505 brevitate
970 1443 1218 1525 pedum,
1277 1451 1406 1507 tum
1459 1446 1825 1525 proceritate
1877 1443 2121 1505 tardius,

2226 1440 2483 1513 Cursum
2540 1453 2693 1500 con-·

332 1533 631 1593 tentiones
677 1534 863 1610 magis
909 1533 1245 1613 requirunt,
1299 1536 1701 1614 expositiones
1746 1550 1952 1594 rerum
1996 1530 2351 1593 tarditatem.
2452 1529 2683 1591 Insistit
2712 1541 2767 1582 15

334 1628 534 1682 autem
599 1619 856 1683 ambitus
915 1619 1106 1681 modis
1163 1619 1462 1703 pluribus,
1522 1641 1555 1682 e
1616 1620 1835 1700 quibus
1896 1638 2085 1681 unum
2144 1628 2236 1681 est
2295 1626 2501 1681 secuta
2544 1617 2686 1677 Asia

336 1710 608 1788 maxime,
673 1710 777 1787 qui
843 1708 1160 1770 dichoreus
1224 1718 1469 1771 vocatur
1482 1759 1502 1792 ‚
1565 1728 1703 1771 cum
1766 1710 1884 1771 duo
1948 1710 2203 1769 extremi
2266 1708 2469 1769 chorei
2524 1713 2687 1785 sunt,

336 1797 397 1873 id
453 1804 546 1859 est
600 1815 632 1857 e
690 1796 938 1877 singulis
995 1797 1188 1877 longis
1247 1806 1309 1859 et
1366 1797 1673 1880 brevibus;
1734 1832 1819 1843 --
1881 1796 2315 1877 explanandum
2368 1803 2461 1856 est
2504 1796 2687 1873 enim,

231 1898 334 1948 213
365 1884 523 1964 quod
569 1884 643 1946 ab
690 1885 819 1947 aliis
866 1886 1060 1947 eidem
1103 1886 1288 1966 pedes
1333 1888 1462 1949 aliis
1508 1887 1808 1949 vocabulis
1854 1887 2253 1948 nominantur.
2353 1882 2685 1945 Dichoreus

338 1992 458 2035 non
505 1981 597 2035 est
641 1973 737 2034 ille
785 1973 1026 2054 quidem
1072 1994 1179 2035 sua
1225 1985 1437 2057 sponte
1483 1978 1731 2038 vitiosus
1784 1978 1848 2037 in
1901 1974 2209 2057 clausulis»,
2264 1973 2370 2035 sed
2422 1974 2485 2033 in
2541 1989 2672 2031 ora·
2702 1987 2763 2025 2⁰

338 2065 520 2125 tionis
564 2063 815 2123 numero
871 2063 1018 2123 nibil
1073 2072 1165 2125 est
1219 2072 1341 2125 tem
1395 2068 1674 2126 vitiosum
1732 2082 1909 2145 quam
1964 2065 2017 2124 si
2072 2080 2308 2143 semper
2363 2069 2456 2121 est
2506 2060 2685 2120 idem.

412 2258 463 2307 2.
508 2249 748 2309 includit
783 2250 888 2305 wie
931 2256 1012 2305 19.
1054 2257 1182 2320 133,
1239 2253 1329 2307 fur
1365 2254 1458 2309 die

339 2320 622 2393 peroratio
669 2321 744 2378 ist
789 2320 878 2376 die
925 2323 1457 2394 wammeh-rhyth-

341 2393 552 2450 mische
597 2393 766 2448 Form
811 2393 1018 2462 ger-ade
1065 2395 1251 2463 recht,
1301 2400 1460 2464 pauet

341 2465 723 2522 vollkommen
756 2463 846 2518 fiir
883 2463 978 2520 sie.

413 2543 464 2590 3.
511 2535 723 2590 ostendi
768 2535 911 2590 eben
953 2541 984 2602 θ
1031 2541 1161 2601 21ος
1225 2539 1456 2605 bromfe-

341 2607 516 2664 renda
571 2607 700 2662 dem
743 2605 1038 2662 Ausdmck
1086 2607 1162 2662 ist
1215 2607 1306 2663 die
1361 2625 1454 2662 an·

344 2679 474 2734 dere
509 2677 680 2734 Form
715 2695 782 2732 zu
817 2677 1020 2748 geben,
1057 2695 1120 2736 so
1155 2677 1285 2734 dass
1322 2675 1457 2750 κόμ-

345 2768 496 2822 ματα
531 2749 647 2804 und
682 2748 832 2804 κῶλα
872 2750 1182 2805 entstehen.

415 2827 467 2875 4.
503 2821 682 2876 nescio
719 2836 817 2874 cur
854 2821 957 2876 etc.
1031 2819 1142 2876 Cic.
1189 2821 1293 2876 sah
1339 2821 1461 2876 sich

345 2891 571 2946 oftmals
615 2889 898 2960 genbtigt„
953 2891 1043 2944 fiir
1087 2891 1239 2946 diosc
1285 2891 1461 2948 durch

342 2963 445 3017 ibn
480 2965 664 3016 zuerst
707 2976 808 3017 aus
844 2961 944 3016 dor
979 2960 1365 3032 griechischen
1400 2963 1461 3016 in

347 3033 438 3089 die
471 3030 664 3091 latein.
702 3031 986 3088 Literatur
1029 3033 1461 3102 iibergehenden

345 3103 529 3173 Dinge
573 3101 830 3172 zugleicb
875 3103 1020 3162 auch
1063 3120 1204 3158 neue
1247 3104 1461 3160 Benen-

345 3191 705 3301 ξωεθιιιιέἓῃ
714 3171 986 3299 εοὶέαῧθηι
1005 3191 1060 3300 ιζ
1104 3173 1204 3229 das
1248 3175 1463 3230 schein·

347 3262 590 3444 {ffigtga
591 3261 748 3458 6881ὲῖ
739 3245 1343 3375 ῃάἰωεοθῖὶἒέὴίῌιῖιοιι
1397 3335 1466 3372 zu

347 3408 374 3443 r
751 3429 764 3444 .

420 3464 470 3518 5.
515 3459 705 3530 Neque
747 3460 892 3514 enim
928 3459 1035 3513 etc.
1085 3458 1188 3514 wir
1241 3463 1468 3515 miissen

348 3529 439 3586 die
453 3529 870 3599 Benennungen
887 3545 998 3584 neu
1033 3527 1296 3598 schaffen,
1333 3531 1466 3586 weil

347 3601 450 3656 wir
503 3600 586 3656 sie
637 3599 783 3656 noch
836 3599 995 3656 nicht
1041 3599 1255 3668 habam
1321 3601 1471 3656 donn

349 3671 452 3728 wir
502 3670 842 3727 bekommen
892 3670 958 3742 ja
1001 3670 1150 3741 jetzt
1204 3675 1322 3728 eret
1377 3671 1469 3729 die

351 3742 563 3813 Dinge;
603 3741 726 3798 sind
756 3740 907 3796 diese
935 3741 1279 3810 unbekannt,
1316 3742 1470 3800 kann

348 3830 408 3870 es
461 3813 608 3868 auch
659 3811 827 3894 keine
879 3811 1200 3871 bekannten
1253 3814 1468 3870 Benen—

349 3900 584 4013 335²ss
611 3883 1470 4024 {Zicfflffissdffibssssgn‘gssessssifi

350 4027 479 4082 dass
535 4025 686 4080 daun
731 4042 874 4082 nene
908 4025 1326 4096 Benennungon
1372 4045 1467 4097 ge-

350 4096 599 4156 schaffen
634 4095 872 4152 werden.

425 4176 472 4224 7.
510 4169 812 4236 transferre
839 4173 924 4222 92.
963 4168 1178 4222 artibus
1209 4172 1329 4226 114.
1367 4185 1466 4238 ap-

340 4239 666 4312 pellamiwm
693 4237 817 4293 eine
836 4237 1180 4308 Benennung
1216 4239 1472 4296 erhalten

349 4330 517 4370 muso.

422 4386 473 4454 c)
510 4387 542 4448 5
578 4383 876 4435 212—219.

1640 2259 1721 2311 11.
1770 2254 1884 2308 iam
1930 2252 2119 2321 gleich
2153 2252 2401 2305 hernach
2436 2252 2558 2317 (221
2589 2248 2687 2316 ff.).

1565 2325 1719 2382 Brut.
1761 2331 1845 2379 96.
1888 2330 2007 2378 171.

1641 2402 1722 2450 12.
1761 2396 2252 2464 comprehensiones
2296 2393 2389 2448 die
2426 2392 2683 2448 Geso-mt-

1564 2466 1833 2536 perioden
1873 2471 1991 2521 149.
2056 2466 2427 2521 conclusiones
2462 2463 2555 2518 die
2590 2479 2689 2532 pe-

1562 2537 1815 2594 riodisch
1848 2535 2269 2607 abgerundeten
2308 2534 2505 2591 Sittzes

1640 2615 1723 2664 13.
1770 2626 1809 2663 a
1848 2609 2031 2677 primo
2074 2607 2415 2675 anfenglieh.
2488 2605 2693 2660 incita-

1565 2681 1678 2736 tius
1724 2685 1817 2748 67,
1872 2680 1972 2734 der
2024 2679 2279 2734 machere
2335 2677 2498 2746 Grang
2546 2675 2692 2729 wird

1567 2751 1744 2810 durch
1806 2751 1896 2804 die
1959 2749 2171 2806 kur-zen
2214 2747 2525 2814 Versfflose,
2591 2747 2695 2801 der

1566 2823 1916 2891 langsamere
1962 2821 2138 2875 durch
2182 2820 2273 2876 die
2310 2819 2693 2890 gedohnteren

1567 2892 2057 2963 hervorgebraoht.

1642 2970 1725 3018 14.
1764 2979 1985 3018 cwreum
2021 2961 2183 3018 einen
2220 2962 2456 3018 raschen
2496 2959 2694 3030 (ἔκπιες

1570 3036 1937 3091 contentiones
1986 3032 2047 3087 in
2098 3033 2195 3088 der
2231 3031 2396 3088 Hitze
2448 3031 2548 3086 des
2585 3030 2693 3086 Ge·

1571 3106 1767 3174 fechts‚
1812 3121 1900 3160 wo
1938 3121 1998 3159 es
2035 3103 2155 3159 sich
2190 3123 2287 3158 um
2321 3101 2539 3158 Beweio
2576 3101 2694 3156 und

1573 3175 1970 3246 Gegenbeweis
2006 3175 2241 3232 handelt
2275 3175 2349 3230 ad
2370 3174 2575 3231 Heron.
2593 3173 2697 3238 111,

1573 3253 1642 3301 23
1680 3247 1967 3302 contentio
2000 3248 2091 3302 est
2124 3247 2307 3302 oratio
2342 3246 2487 3300 aeris
2522 3247 2585 3298 et
2618 3243 2700 3297 ad

1574 3318 2017 3372 confirmandum
2070 3319 2130 3373 et
2173 3317 2247 3374 ad
2292 3315 2698 3372 confuta-ndum

1574 3389 2011 3444 accommodata».

1648 3465 1731 3514 15.
1777 3460 1987 3514 &wi-stit
2026 3464 2129 3514 170
2173 3459 2274 3512 das
2296 3455 2703 3526 -Sohlussglied

1578 3531 1678 3586 der
1737 3530 1973 3587 Periode
2034 3530 2110 3584 iot
2169 3527 2534 3594 hinnichtliqh
2596 3527 2701 3581 des

1580 3601 1831 3656 Tonfnlls
1867 3600 2244 3660 verschieden.

1652 3680 1735 3730 19.
1781 3673 1950 3728 eidem
1991 3673 2152 3741 pedes
2199 3667 2527 3726 dieohorei
2575 3673 2698 3722 191.

1577 3743 1803 3814 Dionys.
1826 3743 2005 3798 Helie.
2043 3744 2115 3798 de
2150 3759 2331 3824 comp.
2369 3740 2523 3796 verb.
2562 3756 2608 3794 c.
2626 3743 2701 3793 17

1580 3811 1611 3870 ὁ
1662 3813 1767 3884 μὲν
1816 3809 1927 3884 γὰρ
1990 3807 2050 3879 ἐξ
2113 3807 2353 3870 ἅπασαν
2419 3810 2701 3882 βραχειῶν

1579 3881 1875 3954 συνεστὼς,
1937 3877 2285 3953 καλούμενος
2348 3877 2461 3944 ὑπό
2526 3899 2703 3939 τινων

1578 3962 1813 4026 χορεῖος,
1849 3957 2148 4026 τρίβραχυς
2182 3949 2344 4016 πούς.
2394 3952 2582 4019 Quint.
2596 3951 2703 4018 IX,

1577 4034 1630 4096 4,
1666 4032 1735 4084 82
1782 4031 1896 4082 tres
1945 4028 2139 4080 breves
2182 4025 2511 4081 trochaeum
2557 4022 2700 4092 (effi-

1576 4100 1769 4168 ciunt),
1806 4115 1971 4167 quem
1994 4097 2325 4166 tribrachyn
2346 4095 2460 4150 dici
2480 4094 2707 4162 volunt,

1577 4169 1675 4238 qui
1720 4170 1920 4224 choreo
1964 4166 2217 4224 trochaei
2268 4183 2474 4223 nomen
2516 4164 2704 4234 impo-

1578 4242 1735 4296 nunt.

1650 4317 1736 4368 20.
1772 4327 1881 4366 sua
1912 4316 2101 4381 sponte
2139 4315 2271 4378 1153
2314 4325 2522 4380 semper
2554 4307 2709 4362 idem

2708 1098 2767 1138 10
