2949 4647
247 470 333 536 22
353 463 559 543 nihuS,
625 462 699 522 de
755 461 1058 520 maiestate
1092 457 1324 538 v›populi
1375 456 1627 516 Romani
1682 457 1998 516 summisse
2056 461 2116 514 et
2172 451 2500 514 subtiliter!

251 841 318 891 73

352 118 436 183 68

1189 111 1491 170 ORATOR
1524 117 1611 168 22.
1653 116 1880 166 72—73.

351 293 413 347 et
457 292 626 365 parte
673 274 1028 344 causarum.'
1097 279 1288 352 Quam
1333 281 1493 340 euim
1539 277 1889 338 indecorum
1936 285 2045 357 est,
2092 275 2164 338 de
2206 275 2521 336 stillicidiis
2569 291 2711 335 cum

352 375 509 454 apud
553 391 744 434 unum
789 370 1047 432 iudicem
1091 369 1281 450 dicas,
1337 367 1717 447 amplissimis
1760 365 1959 426 verbis
2006 373 2067 426 et
2111 365 2259 426 locis
2304 366 2394 425 uti
2440 381 2708 424 commu-

2600 451 2715 512 Hic

357 569 578 632 genere
623 557 770 630 toto,
815 556 876 608 at
919 565 1175 626 persona
1221 545 1320 606 alii
1363 551 1616 624 peccant
1662 551 1765 604 aut
1810 561 1917 603 sua
1950 551 2055 603 aut
2090 542 2357 602 iudicum
2394 549 2498 602 aut
2534 543 2717 601 etiam

357 640 852 718 adversariorum,
898 654 1010 696 nec
1057 653 1124 695 re
1173 634 1385 715 solum,
1431 633 1547 694 sed.
1587 649 1762 711 saepe
1812 629 2011 692 verbo.
2084 629 2215 691 Etsi
2240 633 2389 690 sine
2437 647 2504 690 re
2552 629 2718 690 nulla
2748 640 2777 682 5

355 731 444 788 vis
490 726 668 788 verbi*
705 733 822 806 est,
883 731 1080 786 tamen
1136 723 1342 784 eadem
1396 740 1497 782 res
1554 739 1729 800 saepe
1784 727 1890 780 aut
1942 718 2233 799 probatur
2294 726 2397 779 aut
2443 719 2721 779 reiicitur
2793 774 2811 784 „

358 817 470 877 alio
527 823 704 895 atque
752 813 865 874 alio
925 813 1076 873 elata
1131 810 1332 872 verbo.
1430 809 1500 870 In
1555 808 1950 887 omnibusque
2005 807 2189 868 rebus
2242 807 2570 868 videndum
2627 814 2723 866 est

357 913 678 985 quatenus3
727 904 840 962 etsi
888 903 1048 961 enim
1093 919 1239 962 suus
1285 901 1504 978 cuique
1550 897 1763 958 modus
1810 905 1935 978 est,
1989 905 2188 958 tamen
2234 898 2422 976 magis
2468 895 2722 956 offendit

357 996 609 1054 nimium
655 1009 834 1071 quam
877 1007 1105 1070 parum.
1172 988 1240 1049 In
1287 1007 1405 1068 quo
1433 985 1669 1066 Apelles
1715 988 1979 1065 pictores
2026 1003 2263 1064 quoque
2312 1003 2417 1045 eos
2462 1002 2719 1063 peccare

357 1081 610 1162 dicebat,
657 1082 760 1160 qui
807 1097 928 1140 non
974 1081 1268 1141 sentirent
1313 1077 1458 1156 quid
1504 1083 1665 1136 esset
1710 1077 1871 1135 satis
1944 1071 2193 1153 Magnus
2240 1081 2333 1134 est
2376 1073 2547 1134 locus
2592 1072 2715 1151 hic,
2750 1085 2809 1124 ιο

358 1169 568 1251 Brute,
613 1169 773 1248 quod
819 1176 880 1229 te
925 1186 1047 1228 non
1093 1169 1264 1248 sugit,
1310 1175 1371 1227 et
1415 1180 1697 1244 magnum
1742 1163 2017 1223 volumen
2046 1162 2206 1222 aliud
2235 1162 2561 1242 desiderat3
2608 1161 2721 1220 sed

363 1258 436 1319 ad
493 1259 554 1318 id
611 1257 766 1337 quod
825 1259 1018 1336 agitur
1073 1255 1219 1317 illud
1287 1256 1448 1316 satis

1560 1252 1710 1313 Cum
1770 1251 1885 1312 hoc
1950 1252 2191 1332 decere,
2257 1250 2414 1330 quod
2480 1267 2725 1329 semper

362 1365 726 1427 usurpamus
769 1349 832 1407 in
877 1345 1154 1406 omuibus
1201 1343 1378 1405 dictis
1423 1350 1483 1403 et
1516 1343 1739 1422 factm,
1798 1342 2057 1402 minimis
2110 1349 2175 1401 et
2220 1341 2525 1420 maximis,
2578 1354 2723 1398 cum

361 1436 496 1517 hoc,
540 1432 801 1516 inquam,
846 1435 1061 1495 decere
1107 1449 1538 1513 usquequaque
1587 1437 1876 1510 quantum
1908 1429 2325 1514 siteppareat,
2372 1430 2435 1488 in
2482 1427 2721 1510 alioque

435 1613 484 1662 1.
523 1609 590 1662 de
615 1607 936 1672 stillicidiis,
964 1606 1083 1661 also
1110 1606 1172 1660 iu
1199 1606 1352 1663 einer
1380 1606 1489 1660 sol-

362 1679 506 1733 cheu
553 1677 1008 1746 Bagatesssache‚
1073 1676 1182 1732 wie
1245 1677 1306 1731 in
1358 1677 1491 1731 dem

401 1747 897 1803 rivatrechtlichen
971 1747 1144 1803 Streit
1217 1766 1315 1802 um
1385 1747 1489 1801 das

417 1818 906 1874 achtraufenrec'ht
941 1819 1032 1887 (de
1059 1835 1138 1874 or.
1154 1819 1198 1886 Ι,
1217 1824 1282 1874 17
1288 1820 1360 1888 3),
1397 1818 1489 1873 die

361 1907 465 1945 ’vor
515 1890 645 1945 dem
693 1889 1122 1957 Einzelrichter,
1177 1889 1306 1943 dem
1349 1905 1489 1944 vom

362 1961 423 2015 M
503 1959 516 1971 ‘
547 1962 664 2016 trat
698 1961 1003 2016 bestellten
1038 1960 1208 2015 iudex
1233 1959 1489 2030 privatus

363 2049 433 2086 en
463 2031 728 2086 schieden
774 2032 966 2092 wurde
1021 2031 1124 2099 (im
1173 2030 1487 2100 Gegensatz

361 2120 476 2157 von
501 2102 1039 2172 Richtercollegium
1065 2101 1182 2156 und
1215 2101 1490 2156 iudicium

361 2172 674 2244 publicum)
713 2173 784 2227 de
821 2175 940 2243 opt.
978 2187 1105 2242 gen.
1143 2189 1222 2227 or.
1263 2177 1294 2238 ἕ
1335 2177 1402 2226 10
1441 2171 1491 2225 si

242 2264 247 2269 ·
363 2243 564 2298 eodem
627 2243 804 2298 modo·
857 2244 1061 2312 putant
1123 2241 1370 2297 exercitu
1427 2242 1491 2296 in

363 2315 486 2370 foro
532 2315 593 2370 et
637 2313 698 2369 in
741 2313 998 2369 omnibus
1039 2313 1299 2384 templis,
1349 2330 1492 2383 quae

363 2386 572 2441 circum
607 2386 792 2441 forum
837 2387 993 2453 sunt,
1044 2386 1322 2439 collocato
1372 2384 1488 2439 dici

358 2473 460 2527 pro
510 2456 720 2511 Milone
776 2455 1054 2523 decuisse,
1103 2458 1170 2511 ut
1219 2456 1269 2511 si
1315 2455 1384 2510 de
1429 2472 1489 2510 re

352 2528 586 2597 privata
631 2527 705 2581 ad
749 2544 923 2581 unum
978 2526 1225 2581 iudicem
1275 2525 1488 2580 dicere-

360 2617 502 2667 mus,
539 2598 658 2653 vim
686 2597 1038 2667 eloquentiae
1069 2614 1172 2652 sua.
1199 2597 1486 2665 facultate,

359 2688 472 2725 non
509 2669 594 2725 rei
629 2671 836 2724 natura
869 2669 1198 2725 metiuntur.

431 2747 480 2795 2.
521 2742 654 2796 locis
689 2741 1098 2807 communibus,
1143 2739 1236 2793 die
1271 2737 1352 2793 im
1387 2754 1483 2821 ge-

359 2828 464 2866 nus
513 2811 765 2881 amplum
817 2828 892 2867 an
938 2811 1120 2866 ihrem
1173 2809 1309 2865 Orte
1361 2808 1489 2863 sind

431 2958 483 3007 3.
528 2953 810 3006 summisse
855 2952 914 3006 et
954 2952 1232 3007 subtiliter
1277 2968 1353 3006 so.
1399 2950 1483 3006 di·

360 3038 504 3090 cere,
555 3022 676 3076 also
736 3022 836 3076 das
923 3038 1058 3077 enus
1102 3024 1272 3077 tenue
1317 3038 1483 3075 annuo

360 3093 595 3148 wenden
645 3098 732 3147 20.
814 3110 892 3175 vg
915 3133 928 3145 .
997 3098 1126 3157 1023
1199 3092 1487 3147 subtiliter

361 3165 514 3219 steht
551 3163 680 3218 dem
707 3163 1070 3233 amplissimis
1091 3163 1296 3231 verbis,
1333 3180 1483 3217 sum-

360 3233 528 3290 misse
578 3234 709 3289 dem
759 3233 900 3289 locis
957 3234 1046 3289 uti
1096 3233 1484 3289 communibus

361 3308 658 3376 entgegen.
670 3334 738 3345 --
749 3306 838 3360 hic
855 3305 916 3359 in
925 3305 1055 3359 dem
1076 3304 1218 3359 eben
1230 3303 1483 3360 bezeioh-
1536 3363 1546 3375 .

359 3379 530 3433 neten
563 3376 742 3430 Faue.

431 3454 482 3502 4.
537 3462 728 3518 ywere
789 3452 899 3502 toto
961 3446 1326 3501 hinsichtlich
1388 3445 1489 3502 des

359 3536 578 3589 ganzen
629 3517 968 3573 Charskters
1016 3517 1117 3571 der
1151 3516 1332 3583 Rode,
1387 3516 1489 3569 der

360 3592 655 3660 gesamten
673 3588 1024 3660 Stilgattung
1041 3589 1198 3643 Brut.
1228 3593 1327 3653 643
1355 3602 1486 3655 per-

359 3676 500 3715 sona
534 3661 606 3715 de
642 3677 720 3715 or.
741 3660 809 3728 II,
831 3666 933 3715 301
957 3658 1014 3714 ff.
1043 3676 1114 3714 ne
1149 3657 1288 3727 quid
1315 3656 1487 3732 offen·

361 3731 464 3786 das
519 3762 586 3771 ——-
641 3732 750 3786 Hic
795 3733 1070 3800 quantum
1114 3730 1179 3784 fit
1223 3728 1386 3796 mali,
1435 3727 1487 3783 si

360 3801 584 3871 iratum,
631 3802 686 3856 si·
715 3819 827 3857 non
861 3802 1098 3857 stultum
1113 3843 1128 3869 ,
1176 3800 1223 3855 si
1256 3816 1370 3854 non
1405 3798 1486 3853 le-

363 3888 493 3928 vem
529 3874 736 3927 testem
771 3872 1000 3927 laeseris
1041 3902 1108 3915 -ν
1149 3870 1311 3940 Quid,
1358 3886 1487 3924 cum

359 3959 745 4068 personui-nuli}
777 3942 1276 4077 ἓιίαεῖᾱοῗθιιέιυιίὲ
1310 3940 1485 4025 'tutio-

361 4031 493 4069 nem
545 4031 658 4069 non
743 4030 780 4068 a.
819 4031 888 4069 en
979 4030 1082 4055 ··-·
1209 4030 1232 4066 1
1326 4028 1376 4066 si
1423 4028 1488 4067 m

362 4085 620 4141 homines
656 4100 815 4140 caros
859 4084 1254 4152 iudicibusque
1287 4082 1487 4137 iucun-

363 4157 466 4211 dos
501 4156 622 4211 sine
655 4156 777 4211 ulls
801 4154 1253 4225 praemunitione
1281 4153 1485 4209 oratio-

363 4227 450 4281 nis
489 4227 740 4283 acerbius
787 4230 846 4282 et
901 4224 1356 4281 contumeliosius
1402 4224 1487 4277 in·

363 4299 598 4367 vehare,
643 4314 826 4357 noune
862 4298 963 4353 abs
999 4298 1058 4353 te
1101 4295 1318 4351 iudices
1355 4295 1487 4350 aba·

362 4368 540 4424 lienes
553 4376 578 4424 ?
617 4370 722 4424 etc.
829 4392 834 4398 ·

1670 1611 1718 1660 5.
1756 1607 1875 1660 sine
1909 1623 1969 1662 re
2004 1609 2091 1676 49,
2139 1602 2232 1661 ein
2265 1605 2459 1676 haufig
2492 1607 2729 1663 hervor-

1598 1677 2339 1801 gehobenerfCardinslsatz
2375 1677 2447 1732 de
2482 1694 2561 1734 or.
2574 1677 2618 1746 1,
2634 1683 2724 1732 1⁷.

1670 1824 1719 1873 7.
1770 1819 1883 1873 alio
1919 1821 2025 1874 etc.
2076 1819 2137 1890 J‘e
2190 1819 2470 1874 nachdem
2524 1818 2603 1872 sie
2661 1818 2726 1874 in

1597 1889 1698 1944 der
1744 1889 1908 1944 einen
1954 1889 2089 1944 oder
2136 1890 2346 1944 andern
2381 1891 2551 1944 Form
2594 1906 2723 1944 aus·

1596 1961 1947 2030 gesprochen
1990 1960 2150 2015 wird.
2215 1963 2360 2016 elata
2404 1960 2473 2015 de
2520 1977 2599 2014 or.
2648 1959 2724 2031 ΙΙ,

1602 2034 1703 2084 158
1742 2031 1789 2085 si
1826 2030 2119 2086 coniuncte
2158 2031 2233 2086 sit
2268 2031 2495 2088 elatum.

1669 2105 1719 2156 8.
1776 2105 2044 2170 quatenus
2088 2101 2181 2156 die
2227 2105 2503 2156 ausserste
2540 2101 2725 2170 Linie,

1598 2171 1691 2226 die
1772 2171 1934 2226 nicht
1966 2208 1969 2218 ·
2002 2173 2414 2228 iiberschritten
2494 2173 2725 2227 werden

1600 2241 1739 2310 darf,
1786 2243 1887 2297 das
1922 2242 2164 2313 richtige
2201 2243 2375 2312 Mese,
2422 2243 2521 2297 dns
2558 2245 2724 2298 Inne·

1596 2313 1795 2368 halten
1830 2314 1931 2369 der
1964 2313 2244 2386 richtigen
2268 2314 2610 2383 Schranken‚
2648 2314 2725 2369 de

1600 2400 1678 2439 or.
1716 2384 1785 2453 11,
1824 2391 1927 2439 239
1975 2386 2294 2454 quaerimus
2338 2386 2515 2453 idem,
2564 2386 2725 2455 quod.

1594 2454 1654 2509 in
1702 2456 1898 2511 ceteris
1943 2456 2109 2510 rebus
2153 2456 2395 2512 maxime
2449 2472 2725 2526 quaeren-

1595 2525 1731 2580 dum
1768 2528 1871 2595 est,
1909 2528 2201 2597 quatenus.

1667 2602 1717 2651 9.
1756 2598 1990 2651 nimium
2028 2602 2159 2665 1783
2197 2599 2261 2652 i‘n
2297 2613 2404 2667 quo
2441 2602 2528 2654 58.

1670 2672 1753 2722 11.
1791 2668 1937 2737 quod
1970 2672 2022 2722 te
2056 2684 2171 2723 non
2204 2669 2353 2737 fiuyit
2384 2668 2481 2723 bei
2516 2666 2727 2723 deinen

1594 2736 2091 2808 philosophisohen
2116 2738 2351 2794 Studien
2384 2738 2531 2793 Einl.
2570 2744 2600 2805 ξ
2631 2744 2723 2797 14.

1670 2814 1753 2863 12.
1792 2810 1868 2865 ad
1901 2810 1965 2863 id
1999 2810 2145 2879 quod
2180 2811 2370 2879 ayitwr
2402 2808 2507 2864 wie
2537 2816 2604 2865 68
2642 2810 2725 2863 ad

1590 2878 1654 2933 id
1687 2880 1840 2948 quod
1873 2879 2225 2950 propositum
2273 2882 2388 2947 est3
2452 2894 2575 2934 cum
2616 2880 2725 2935 hoc

1594 2952 1700 3005 etc.
1788 2950 1902 3005 Der
1950 2950 2012 3005 in
2055 2952 2229 3022 Folge
2276 2951 2377 3006 der
2422 2952 2539 3007 sich
2594 2952 2723 3005 auf-

1594 3021 1955 3091 drangenden
1990 3038 2173 3077 neuen
2201 3021 2507 3087 Gedanken
2544 3022 2722 3092 abge-

1592 3092 1871 3146 brochene
1894 3092 2087 3146 Faden
2113 3092 2255 3147 wird
2292 3094 2407 3147 erst
2442 3108 2585 3163 ganz
2622 3108 2723 3145 am

1591 3162 1749 3217 Ende
1795 3162 1902 3217 mit
1947 3162 2045 3217 sed
2092 3180 2221 3217 cum
2266 3162 2475 3217 wieder
2520 3162 2623 3217 auf
2656 3179 2720 3230 e-,

1590 3248 1877 3287 nommen:
1933 3234 2026 3301 ,da
2059 3233 2161 3292 das
2198 3232 2575 3301 Schickliche‚
2653 3248 2720 3289 as

1592 3302 1694 3357 wir
1728 3304 1823 3358 bei
1858 3304 2027 3358 allem
2066 3304 2232 3359 Thun
2277 3322 2329 3358 n.
2368 3304 2589 3371 Reden‚
2635 3304 2721 3358 im

1592 3373 1835 3429 Grossen
1900 3374 2007 3428 wie
2054 3374 2140 3428 im
2195 3374 2433 3429 Kleinen
2486 3374 2723 3445 geltend

1592 3444 1847 3512 macheu,
1885 3444 2032 3499 nach
2067 3444 2217 3500 allen
2238 3445 2429 3500 Seiten
2454 3444 2515 3499 in
2534 3444 2722 3499 seiner

1592 3514 1969 3585 Wichtigkeit
1988 3515 2107 3570 sich
2125 3515 2409 3585 kundgibt
2443 3516 2559 3570 und
2583 3532 2720 3571 man

1593 3585 1707 3640 wol
1742 3603 1813 3639 zu
1848 3586 2279 3641 unterscheiden
2305 3588 2409 3641 hat
2436 3586 2720 3641 zwischen

1807 3673 1834 3711 s
1867 3656 1985 3710 und
2032 3658 2239 3726 decere,
2292 3656 2533 3711 welches
2578 3656 2721 3711 letz-

1594 3729 1713 3781 tere
1751 3726 1858 3781 wie
1893 3726 1993 3781 der
2018 3726 2251 3782 Dichter
2284 3726 2401 3781 und
2420 3728 2614 3793 Maler,
2653 3744 2721 3782 so

1594 3798 1742 3869 such
1796 3796 1895 3851 der
1948 3798 2169 3853 Redner
2232 3814 2301 3852 zu
2362 3799 2723 3853 beobachten

1592 3868 1721 3923 hats
1777 3884 1837 3923 so
1882 3882 2017 3937 mag
2066 3869 2166 3923 der
2201 3868 2423 3923 Redner
2467 3869 2577 3923 wol
2622 3886 2721 3922 zu-

1596 3939 1785 4007 sehen,
1821 3938 1930 3993 wie⁴
1965 3954 2027 3993 er
2062 3955 2135 3993 an
2172 3938 2433 3994 seinem
2460 3938 2609 3995 Stoff
2636 3939 2722 3993 im

1595 4007 1823 4064 Ganzen
1858 4009 1971 4063 und
1992 4008 2296 4065 Einzelnen
2323 4010 2423 4065 das
2449 4010 2723 4073 decorum

1594 4080 1820 4135 wah're‘.
1860 4098 1900 4135 s.
1930 4079 2051 4135 den
2085 4080 2217 4134 krit.
2254 4080 2400 4137 Anh.
2654 4084 2661 4089 '

1670 4157 1754 4208 13.
1790 4166 2127 4219 usurpamus
2162 4152 2459 4218 ,betonem

1670 4227 1752 4278 14.
1789 4223 1855 4276 in
1889 4224 2105 4291 alioque
2132 4228 2383 4291 ponatur
2410 4222 2511 4276 auf
2534 4222 2722 4277 einem

1596 4293 1809 4348 andern
1845 4292 2085 4363 Begriffe
2118 4294 2269 4351 ruht.
