2949 4647
985 121 1507 226 ‘ERKL'A'RENDE
1547 133 1859 191 INDICES.

253 291 757 363 Sprachgebrauch
820 292 1008 347 bisher
1077 293 1220 347 ohne
1279 294 1380 348 Be-

249 364 478 419 denken
523 363 796 433 geduldet
840 364 1014 420 hatte.
1099 362 1174 419 So
1219 365 1381 419 hatte

249 451 386 489 man
425 435 593 489 unter
629 435 843 490 andern
880 435 1070 489 bisher
1098 452 1240 505 ganz
1277 435 1380 490 all-

246 505 478 576 gemein
515 521 949 575 angenommen,
997 506 1122 561 dass
1158 504 1378 561 auslau-

246 577 452 632 tendes
509 596 534 631 s
585 593 686 631 vor
739 577 1135 632 anlautendem
1173 576 1378 632 Conso-

247 651 465 703 nanten
501 646 668 702 keine
695 647 950 703 Position
987 666 1057 701 zu
1094 648 1378 704 bewirken

250 719 526 787 brauche3
563 718 654 773 die
691 734 932 774 neueren
957 718 1190 773 Dichter
1225 722 1378 789 (poe-

250 794 346 845 tae
415 789 576 858 novi,
637 790 746 845 wie
811 791 894 845 sie
957 788 1067 845 Cic.
1134 790 1378 845 ironisch

251 857 446 929 n'ennt,
487 862 614 930 161)
648 862 896 916 nahmen
929 861 1106 915 daran
1142 863 1376 916 Anatoss

250 932 368 987 und
404 931 720 987 verwarfen
757 932 876 987 dies
913 932 996 987 als
1034 931 1196 987 einen
1229 931 1377 987 Feh·

249 1004 334 1057 ler
343 1020 568 1129 ti{egen
621 1002 714 1057 die
765 1003 981 1073 Regeln
1035 1002 1136 1057 der
1181 1002 1375 1059 Gram-

247 1090 346 1129 ma
438 1116 449 1128 .

320 1180 586 1236 Habitus
643 1180 777 1236 oder
826 1179 1030 1235 Avitus
1081 1200 1123 1236 s.
1177 1180 1376 1237 Cluen·

245 1252 382 1309 tius·

319 1323 618 1390 Hegesias
642 1328 766 1379 226.
785 1329 907 1391 230,
945 1340 1048 1379 aus
1068 1324 1374 1395 Magnesia,

244 1396 349 1451 der
386 1395 677 1464 Biograph
709 1394 1054 1451 Alexanders
1091 1394 1190 1452 des
1209 1394 1374 1451 Gros-

251 1484 349 1522 sen
416 1466 568 1520 nach
631 1464 832 1521 Strabo
881 1464 1013 1520 XIV
1059 1468 1118 1535 p.
1171 1472 1274 1522 648
1341 1460 1370 1521 ὃ

246 1532 436 1610 ᾆήτωρ
484 1530 552 1599 ὃς
594 1526 728 1605 ἦρξε
775 1530 1014 1607 μάλιστα
1058 1536 1160 1593 τοῦ
1202 1532 1374 1591 Ἀσια-

241 1608 352 1663 νοῦ
393 1604 704 1677 λεγομένου
741 1602 944 1662 στόλου
967 1609 1375 1677 παραφθείρας

241 1676 310 1736 τὸ
378 1674 736 1747 καθεστηκὸς
802 1676 938 1742 ἔθος
999 1674 1063 1733 τὸ
1115 1674 1372 1735 Ἀττικόν.

245 1750 413 1807 Noch
457 1749 635 1803 naher
670 1748 936 1805 schildert
972 1749 1120 1805 seine
1158 1750 1375 1806 Manier

245 1822 479 1891 Dionys.
540 1819 722 1877 Halic.
783 1820 853 1876 de
909 1837 1153 1891 compos.
1220 1821 1373 1879 verb.

244 1911 293 1949 c.
311 1899 346 1947 4
375 1886 719 1960 Ἡγησιακὸν
753 1886 818 1947 τὸ
857 1893 1040 1963 σχῆμα
1077 1892 1245 1948 τοῦτο
1268 1892 1369 1961 τῆς

242 1962 575 2025 συνθέσεως
648 1958 1063 2033 μικρόκομψον,
1148 1958 1368 2033 ἆγενές,

244 2029 552 2107 μαλθακόν
587 2034 704 2088 und
738 2033 934 2090 weiter
961 2051 1008 2089 c.
1031 2040 1097 2089 18
1135 2026 1215 2088 ὧν
1253 2029 1370 2089 ἔστι

239 2101 468 2175 πρῶτός
501 2123 564 2159 τε
602 2104 702 2159 καὶ
727 2108 1048 2168 τελευταῖος
1074 2106 1172 2159 καὶ
1201 2106 1369 2175 μέσος

243 2174 276 2231 ὁ
295 2174 541 2264 Μάγνης
577 2171 846 2245 σοφιστὴς
874 2170 1154 2248 Ἡγησίας,
1191 2169 1369 2245 οὗπερ

244 2280 316 2289 -
355 2268 464 2302 ουκ
504 2242 641 2315 οἷδ’,
685 2240 774 2301 ὅτι
811 2242 916 2316 χρὴ
955 2246 1159 2316 λέγειν,
1179 2242 1372 2301 -·πο’τε-

241 2341 348 2390 ρον
385 2314 632 2387 τοσαύτη
687 2316 819 2404 περὶ
868 2311 1048 2373 αὐτὸν
1095 2310 1170 2388 ἦν
1206 2312 1374 2373 ἄναι-

242 2393 462 2460 σθησία
499 2389 599 2444 καὶ
633 2408 905 2459 παχυτης,
943 2383 1085 2445 ὥστε
1123 2386 1198 2459 μὴ
1238 2407 1370 2444 συν-

240 2463 419 2533 ορᾶν,
501 2455 708 2522 οἵτινές
781 2458 924 2515 εἰσιν
1006 2456 1260 2530 εὐγενεῖς
1331 2455 1370 2530 ἢ

239 2531 487 2604 ῥυθμοὶ,
535 2525 572 2600 ἢ
609 2527 854 2599 τοσαύτη
889 2527 1236 2604 θεοβλάβεια
1272 2533 1371 2587 καὶ

241 2600 550 2673 διαφθορὰ
583 2601 696 2656 τῶν
725 2601 972 2672 φρενῶν,
1011 2596 1144 2666 ὥστ’
1179 2599 1372 2658 εἰδότα

241 2671 380 2738 τοὺς
446 2673 760 2742 κρείττους,
819 2669 1014 2728 ἔπειτα
1077 2671 1372 2742 αἱρεῖσθαι

238 2741 378 2809 τοὺς
408 2745 684 2814 χείρονας,
721 2739 754 2798 ὃ
791 2743 891 2798 καὶ
927 2745 1135 2815 μᾶλλον
1171 2746 1370 2800 πείθο-

241 2837 362 2888 μαι.
381 2853 386 2858 ·
403 2815 537 2872 Sein
561 2815 672 2870 Stil
705 2816 840 2885 trug
871 2817 1019 2869 trotz
1056 2815 1154 2870 des
1168 2816 1370 2888 Pomp-

241 2889 445 2943 hasten
481 2887 584 2941 das
603 2887 861 2957 Geprage
897 2887 996 2942 des
1027 2887 1373 2943 Zerhackten

244 2960 361 3014 und
397 2957 779 3026 Kleinlichen,
833 2956 938 3013 wie
975 2959 1195 3028 Longin
1244 2957 1374 3028 περὶ

245 3025 435 3099 ὕψους
472 3035 534 3096 3,
581 3034 614 3082 2
665 3033 777 3084 von
830 3029 949 3086 ihm
1011 3029 1127 3084 und
1190 3028 1372 3084 seines

242 3100 522 3157 Gleichsn
557 3101 710 3170 aagtz
775 3100 1056 3170 πολλαχοῦ
1114 3095 1220 3170 γὰρ
1281 3095 1372 3154 έν-

242 3172 520 3227 θουσιᾶνΝ
534 3170 841 3234 δοκοῦντες
887 3167 956 3238 οὐ
995 3169 1372 3242 βακχεύουσιν

244 3238 386 3297 ἀλλὰ
425 3243 735 3308 παίζουσιν.
803 3242 1010 3297 Diesen
1037 3241 1372 3299 zerstfickel·

240 3317 341 3370 ten
354 3357 368 3382 ,
424 3312 1058 3382 pseudothythmischen
1109 3313 1370 3383 Satzbau,

243 3402 317 3440 an
356 3385 488 3440 dem
533 3399 646 3438 von
681 3382 810 3438 dem
847 3384 1225 3454 grossartigen
1261 3384 1370 3439 De—

242 3454 700 3512 mosthenischen
761 3455 1151 3510 Petiodenbau
1226 3456 1371 3511 auch

241 3527 405 3582 nicht
439 3526 600 3580 mehr
636 3525 762 3580 eine
801 3526 945 3595 Spur
983 3543 1052 3580 zu
1088 3526 1370 3582 erkennen

240 3617 376 3666 war,
414 3597 559 3651 hielt
571 3595 842 3666 Hegesias
867 3596 959 3650 fur
985 3597 1116 3652 echt
1141 3597 1367 3653 att-isch.

241 3671 397 3725 Brut.
429 3674 534 3724 286
571 3667 648 3722 At
676 3665 914 3722 Charisii
947 3668 1072 3722 vult
1099 3667 1369 3738 Hegesias

241 3757 366 3797 esse
405 3737 622 3807 similis,
657 3738 818 3807 isque
855 3755 914 3794 se
950 3739 1035 3793 ita
1069 3740 1237 3808 putat
1263 3740 1368 3794 At·-

235 3813 438 3878 ticum,
475 3810 544 3864 ut
577 3825 739 3864 veros
774 3809 904 3864 illos
939 3825 1074 3880 prae
1103 3825 1162 3865 se
1187 3825 1367 3880 paene

236 3886 496 3954 agrestes
532 3882 712 3950 putet.
800 3881 878 3934 At
926 3880 1062 3949 quid
1113 3882 1201 3936 est
1245 3882 1366 3935 tam

238 3955 512 4018 fractum,
576 3953 694 4004 tam
757 3951 1064 4018 minutum,
1125 3953 1246 4006 tam
1307 3951 1369 4006 in

237 4025 383 4095 ipsa,
422 4039 591 4092 quam
609 4023 802 4077 tamen
825 4022 1201 4090 consequitur,
1239 4037 1368 4077 con-

242 4095 515 4150 cinnitate
549 4091 802 4162 puerile?
840 4093 1051 4148 Theon.
1070 4108 1364 4163 progymn.

236 4185 294 4236 p.
346 4171 450 4219 169
509 4167 595 4230 (71
647 4163 910 4234 Spengel)
959 4159 1148 4218 πάντα
1203 4161 1366 4219 διδοί-

241 4255 452 4292 σκοντα
491 4231 551 4300 ἐξ
589 4227 670 4287 ὧν
715 4229 1125 4305 διαφεύξονται
1161 4231 1224 4290 τὸ
1259 4256 1366 4290 -κα-

240 4309 358 4371 πῶς
395 4304 728 4361 συντιθέναι
764 4305 864 4360 καὶ
900 4303 1137 4376 μάλιστα
1165 4305 1230 4362 δὲ
1259 4304 1364 4394 τὴν

241 4377 520 4450 ἔμμετρον
567 4374 664 4430 καὶ
717 4373 1004 4447 ἔνρυθμον
1058 4378 1236 4446 λέξιν,
1289 4399 1366 4441 ως

2482 122 2606 202 17'1

1490 289 1561 348 τὰ
1598 260 1925 368 πολλοὶστῶν
1954 291 2219 365 Ἡγησίου
2248 294 2610 367 §rhosos-,nal

1488 364 1600 420 τῶν
1632 360 1891 429 Ἀσιανῶν
1937 367 2303 439 καλουμένων
2338 365 2605 439 ᾆητόρὼν.

1558 454 1794 510 Helena
1831 462 1934 511 164
1973 476 2016 512 s.
2052 456 2346 513 Pacuvius

1558 542 1771 599 Helles
1809 544 2018 600 Pontus
2058 552 2177 601 163.

1556 614 1903 670 Herodotus
1940 622 2024 671 39.
2067 623 2185 672 186.
2215 624 2339 686 219,
2376 634 2475 674 aus
2492 620 2607 674 Ha-

1484 684 1817 741 licamassus
1880 686 1941 741 in
2001 685 2227 758 Karien,
2291 690 2416 759 geb.
2482 696 2607 761 484,

1485 757 1626 827 gest.
1675 756 2140 813 wahrscheinlich
2194 778 2291 814 um
2338 764 2461 815 408.
2536 761 2605 818 de

1487 828 1565 881 or.
1603 828 1682 895 H,
1722 832 1807 885 55.
1876 825 2064 893 Quint.
2100 829 2177 899 X,
2218 836 2276 899 1,
2314 837 2381 886 73
2428 832 2604 889 histo-

1483 897 1629 953 riam
1664 898 1831 953 multi
1866 900 2137 969 scripsere
2165 901 2468 971 praeclare,
2506 904 2607 961 sed

1482 985 1648 1023 nemo
1708 969 1935 1026 dubitat
1986 970 2156 1043 longe
2207 972 2346 1029 duos
2404 975 2605 1031 ceteris

1482 1040 1909 1111 praeferendos,
1955 1060 2197 1111 quorum
2232 1043 2454 1099 diversa
2490 1046 2601 1101 vir-

1483 1112 1574 1165 tus
1608 1112 1834 1166 laudem
1880 1129 2058 1182 paene
2104 1117 2190 1169 est
2234 1131 2428 1185 parem
2475 1134 2603 1172 con·

1484 1184 1695 1237 secuta.
1742 1183 1959 1237 Densus
1989 1189 2048 1239 et
2083 1185 2269 1241 brevis
2307 1188 2366 1242 et
2398 1204 2607 1257 semper

1482 1254 1703 1327 instans
1737 1254 1849 1308 sibi
1894 1254 2022 1323 (wie
2060 1274 2187 1311 zum
2222 1257 2450 1329 Angriff
2477 1276 2633 1315 vor-⁸

1481 1326 1653 1379 warte
1690 1324 1896 1395 eilend)
1939 1324 2300 1397 ssucydides,
2336 1329 2515 1385 dulcis
2545 1332 2606 1386 et

1482 1394 1752 1451 candidus
1808 1398 1867 1451 et
1918 1396 2073 1455 fusus
2106 1398 2452 1467 Herodotus3
2502 1401 2603 1457 ille
2650 1412 2657 1420 ·

1482 1467 1787 1533 concitatis,
1851 1466 1944 1522 hic
2008 1470 2247 1525 remissis
2310 1470 2604 1529 affectibus

1482 1536 1698 1606 melior,
1755 1537 1857 1593 ille
1912 1538 2293 1609 contionibus,
2346 1542 2440 1597 hic
2492 1562 2603 1599 ser-

1482 1608 1759 1679 monibus,
1796 1608 1893 1664 ille
1930 1611 2005 1677 vi,
2040 1610 2134 1665 hic
2168 1614 2461 1682 voluptate.
2508 1616 2604 1683 IX,

1481 1686 1535 1749 4,
1575 1686 1642 1736 16
1679 1680 1763 1735 ita
1797 1680 1913 1735 illis
1950 1698 2172 1751 quoque
2207 1684 2406 1753 priscis
2444 1686 2604 1743 habi-

1481 1753 1602 1805 tam
1645 1750 1797 1818 inter
1847 1768 2007 1807 curas
2054 1754 2479 1825 (compositionis
2515 1774 2605 1811 ar-

1481 1824 1646 1891 tem);
1684 1853 1753 1862 —
1790 1838 1971 1891 neque
2018 1824 2167 1878 enim
2213 1827 2355 1881 mihi
2377 1866 2385 1876 .
2406 1845 2603 1896 quam·

1476 1892 1621 1948 libet
1656 1910 1893 1963 magnus
1930 1897 2125 1950 auctor
2148 1894 2341 1953 Cicero
2377 1915 2602 1967 persua-

1478 1964 1629 2031 serit,
1675 1964 1918 2034 Lysiam,
1974 1966 2330 2037 Herodotum,
2386 1970 2603 2039 Thucy-

1476 2036 1656 2090 didem
1691 2052 1891 2105 parum
1927 2037 2207 2093 studiosos
2243 2040 2362 2094 eius
2398 2040 2599 2107 fuisse3

1478 2123 1656 2176 genus
1691 2106 1929 2162 fortasse
1966 2108 2081 2163 sint
2106 2110 2285 2164 secuti
2312 2126 2425 2165 non
2450 2111 2601 2166 idem

1482 2178 1634 2247 quod
1682 2177 2089 2234 Demosthenes
2147 2182 2247 2235 aut
2298 2181 2491 2248 Plat03
2533 2213 2599 2222 —

1480 2251 1540 2303 et
1573 2248 1863 2317 historiae,
1900 2266 2046 2317 quae
2086 2267 2307 2306 currere
2335 2252 2506 2307 debet
2533 2269 2601 2309 ac

1478 2319 1628 2389 ferri,
1657 2320 1841 2375 minus
1869 2321 2262 2378 convenissent
2278 2322 2602 2380 insistentes

1480 2391 1761 2447 clausulae
1808 2393 1868 2446 et
1919 2392 2115 2448 debita
2166 2393 2481 2450 actionibus
2515 2413 2602 2450 re·

1480 2461 1711 2532 spiratio
1749 2465 1806 2517 et
1842 2463 2139 2519 claudendi
2185 2465 2601 2536 inchoandique

1478 2533 1785 2589 sententias
1856 2534 2027 2602 ratim
2108 2534 2168 2590 in
2250 2537 2602 2594 contionibus

1480 2603 1709 2673 quidem
1774 2604 1949 2660 etiam
2010 2605 2270 2662 similiter
2340 2608 2601 2664 cadentia

1480 2675 1759 2744 quaedam
1788 2677 1847 2729 et
1873 2677 2260 2747 contraposita
2296 2677 2601 2749 deprehen·

1478 2745 1594 2800 das.
1668 2746 1733 2800 In
1760 2745 2041 2802 Herodoto
2076 2765 2209 2804 vero
2247 2766 2375 2805 cum
2410 2749 2601 2806 omnia

1480 2816 1683 2872 leniter
1718 2817 1923 2888 fluunt,
1976 2820 2099 2892 turn
2147 2820 2273 2890 ipsa
2308 2817 2600 2886 διάλεκτος

1480 2887 1656 2950 habet
1691 2904 1816 2942 eam
1852 2888 2281 2960 iucunditatem,
2327 2895 2393 2946 ut
2428 2893 2600 2948 laten·

1480 2964 1557 3014 tes
1590 2958 1652 3013 in
1688 2976 1748 3013 se
1793 2974 2047 3016 numeros
2092 2963 2373 3032 complexa
2414 2964 2598 3020 videa-

1479 3035 1589 3086 tur.

1511 3113 1521 3124 '
1551 3100 1869 3158 Hierocles
1934 3109 2035 3157 231
2039 3144 2057 3170 ,
2120 3120 2220 3158 aus
2284 3105 2597 3176 Alabanda,

1480 3176 1671 3242 spater
1704 3172 1766 3227 in
1792 3173 2039 3228 Rhodus.
2077 3174 2232 3230 Brut.
2249 3181 2353 3230 325
2390 3193 2601 3248 genera

1479 3242 1764 3299 Asiaticae
1800 3244 2063 3300 dictionis
2091 3245 2203 3300 duo
2232 3248 2386 3300 sunt:
2424 3265 2599 3303 unum

1478 3315 1882 3370 sententiosum
1912 3318 1972 3370 et
1996 3318 2276 3385 argutum,
2306 3318 2599 3374 sententiis

1476 3401 1591 3440 non
1626 3388 1747 3440 tam
1783 3386 2049 3457 gravibus
2065 3414 2069 3418 ·
2087 3389 2145 3441 et
2168 3389 2389 3443 severis
2426 3405 2599 3458 quam

1478 3455 1765 3512 concinnis
1802 3459 1861 3512 et
1894 3459 2165 3526 venustis,
2211 3459 2394 3527 qualis
2434 3491 2502 3500 ——
2538 3460 2599 3515 in

1477 3527 1713 3583 dicendo
1759 3557 1827 3568 -—
1874 3528 2061 3598 pueris
2106 3529 2267 3585 nobis
2312 3529 2600 3586 Hierocles

1477 3598 1853 3667 Alabandeus,
1891 3599 2073 3670 magis
2110 3599 2283 3656 etiam
2318 3602 2598 3658 Menecles

1474 3669 1649 3725 frater
1684 3669 1803 3725 eius
1840 3669 1951 3725 fuit
1967 3713 1981 3740 ,
2025 3687 2260 3740 quorum
2306 3671 2601 3742 utriusque

1478 3740 1761 3796 orationes
1796 3744 1929 3797 sunt
1980 3739 2052 3796 in·
2095 3741 2293 3813 primis
2338 3746 2405 3798 ut
2438 3743 2599 3799 Asia*

1473 3811 1590 3866 tico
1626 3810 1686 3865 in
1721 3828 1923 3882 genere
1959 3812 2293 3868 laudabiles.
2330 3815 2400 3870 de
2420 3831 2497 3870 or.
2528 3816 2599 3884 H,

1477 3887 1546 3937 95
1572 3882 1751 3949 ,hodie
1789 3885 1934 3952 (ums
1949 3882 1999 3940 J.
2021 3887 2113 3952 90)
2150 3883 2600 3940 Alabandensem

1474 3951 1641 4007 illum
1689 3952 1999 4009 Meneclem
2063 3957 2123 4009 et
2186 3955 2303 4010 eius
2366 3956 2601 4012 fratrem

1474 4023 1797 4084 Hieroclem
1814 4027 1939 4080 tota
1954 4024 2214 4081 imitatur
2221 4027 2373 4082 Asia.
2414 4028 2596 4084 Strab.

1476 4093 1624 4162 XIV,
1662 4101 1714 4164 2,
1750 4101 1819 4150 26
1866 4113 1920 4165 p.
1960 4103 2062 4151 661
2110 4092 2317 4164 ἄνδρες
2362 4093 2421 4152 δ’
2474 4092 2598 4168 ἐγέ-

1473 4184 1643 4219 νοντο
1714 4161 1886 4234 λόγου
1958 4163 2111 4234 ἄξιοι
2182 4165 2291 4223 δύο
2365 4164 2598 4239 ῥήτορες

1476 4231 1717 4305 ἀδελφοὶ
1767 4233 2136 4309 Ἅλαβανδεῖς,
2186 4241 2487 4310 Μενεκλῆς
2534 4260 2597 4296 τε

1476 4337 1544 4348 --
1582 4307 1680 4362 καὶ
1709 4302 1997 4378 Ἱεροκλῆς.

1545 4378 1949 4447 Hieronymus
2017 4386 2136 4450 190,
2202 4397 2302 4436 aus
2364 4381 2605 4437 Rhodus
