2949 4647
1057 98 1356 154 ORATOR
1389 105 1474 154 67.
1514 79 1815 156 sse—228.

2486 102 2612 167 147

266 266 416 347 vult,
460 266 713 328 alterum
756 285 946 346 paene
981 265 1459 348 Demosthenem,
1506 267 1679 328 saltat
1720 268 1993 328 incidens
2037 269 2373 348 particulas.
2445 269 2523 332 Et
2559 271 2614 330 is

270 355 514 435 quidem
559 374 679 434 non
725 358 922 416 minus
969 353 1282 416 sententiis
1324 364 1536 434 peccat
1581 374 1756 434 quam
1803 356 2031 438 verbis,
2086 366 2156 419 ut
2200 377 2321 419 non
2368 367 2615 439 quaerat

271 461 453 523 quem
497 443 756 524 appellet
798 447 1087 526 ineptum,
1132 446 1237 523 qui
1279 444 1447 505 illum
1495 447 1857 524 cognoverit.
1950 445 2075 506 Sed
2116 465 2225 526 ego
2270 447 2370 508 illa
2416 447 2616 509 Crassi

269 541 332 594 et
377 541 582 594 nostra
624 535 818 613 posui,
863 542 932 594 ut
977 536 1080 613 qui
1124 531 1299 593 vellet
1347 533 1593 594 auribus
1636 535 1801 615 ipsiS,
1848 535 1991 613 quid
2021 553 2407 597 numerosum
2438 539 2615 598 etiam

213 638 241 679 ⁶
267 625 334 682 in
378 623 640 682 minimis
684 623 992 701 particulis
1039 624 1322 682 orationis
1369 630 1549 703 esset,
1594 622 1900 688 iudicaret.
1995 623 2285 694 Quoniam
2320 625 2494 705 plura
2540 625 2612 686 de

267 727 589 771 numerosa
635 712 902 771 oratione
950 710 1204 771 diximus
1251 728 1430 789 quam
1477 712 1790 790 quisquam
1836 722 1971 772 ante
2009 729 2137 794 noS,
2182 731 2342 774 nunc
2382 715 2455 775 de
2484 716 2615 774 eius

268 801 510 878 generis
555 798 810 860 utilitate
855 799 1139 861 dicemus.

463 887 622 948 Nihil
669 890 828 948 enim
873 897 966 948 est
1009 888 1184 970 aliud,
1227 887 1433 969 Brute,
1476 921 1561 931 -—
1600 888 1760 968 quod
1806 889 2046 968 quidem
2090 899 2157 951 tu
2202 893 2444 952 minime
2492 888 2596 972 68,
2617 900 2719 950 227

271 979 540 1037 omnium
591 978 830 1055 ignoras
890 977 968 1020 -’
1026 976 1274 1057 pulchre
1333 985 1394 1038 et
1449 979 1709 1038 oratorie
1765 977 1965 1040 dicere
2020 981 2136 1040 nisi
2194 981 2433 1058 optimis
2480 998 2611 1040 sen-

192 1073 243 1114 10
269 1067 476 1126 tentiis
531 1063 846 1145 verbisque
899 1066 1239 1127 lectissimis
1293 1065 1511 1127 dicere.

1625 1065 1742 1126 Sed
1806 1084 1916 1127 nec
1983 1070 2277 1129 sententia
2330 1068 2449 1129 ulla
2504 1079 2613 1153 est,

270 1171 423 1232 quae
470 1154 734 1214 fructum
780 1157 1003 1216 oratori
1047 1155 1218 1236 ferat,
1271 1156 1388 1215 nisi
1433 1161 1568 1233 apte
1616 1157 1881 1233 exposita
1927 1164 2103 1234 atque
2150 1155 2447 1239 absolute,
2500 1176 2612 1218 nec

267 1241 592 1303 verborum
656 1242 859 1303 lumen
915 1251 1158 1322 apparet
1209 1245 1327 1303 nisi
1380 1243 1695 1322 diligenter
1760 1243 2208 1324 collocatorum,
2272 1253 2333 1306 et
2396 1246 2614 1306 horum

269 1339 595 1409 utrumque
658 1349 946 1392 numerus
1008 1333 1280 1393 illustrat.

1388 1332 1686 1393 Numerus
1750 1341 1949 1393 autem
2012 1327 2219 1415 (saepe
2288 1337 2447 1394 enim
2499 1334 2613 1394 hoc

269 1414 638 1524 testandum)
686 1428 779 1481 est
823 1438 944 1480 non
979 1421 1155 1482 modo
1194 1439 1314 1481 non
1350 1422 1583 1500 poetice
1619 1422 1869 1502 vinctim,
1913 1439 2127 1482 verum
2162 1425 2340 1484 etiam
2377 1423 2613 1502 fugiens

193 1516 244 1558 1⁵
270 1508 439 1568 illum
494 1509 672 1587 eique
726 1511 992 1570 omnium
1046 1509 1502 1590 dissimillimuS,
1565 1527 1685 1569 non
1750 1512 1895 1588 quin
1958 1510 2151 1570 eidem
2203 1513 2327 1572 sint
2379 1513 2615 1574 numeri

269 1615 389 1657 non
436 1597 612 1657 modo
659 1605 963 1659 oratorum
1008 1606 1069 1659 et
1112 1606 1440 1680 poetarum,
1490 1615 1698 1658 verum
1736 1601 1977 1658 omnino
2014 1598 2403 1682 loquentium,
2450 1601 2612 1661 deni-

271 1703 386 1764 que
435 1687 612 1746 etiam
659 1689 1000 1770 sonantium
1043 1689 1325 1768 omnium,
1370 1704 1523 1766 quae
1570 1689 1769 1747 metiri
1814 1687 2057 1748 auribus
2102 1705 2451 1770 possumuS,
2508 1688 2613 1749 sed

269 1773 417 1834 ordo
463 1773 684 1854 pedum
728 1775 896 1857 facit,
951 1784 1017 1836 ut
1062 1776 1122 1836 id
1168 1775 1328 1855 quod
1374 1777 1797 1855 pronuntiatur
1843 1784 1945 1837 aut
1989 1778 2275 1837 orationis
2322 1785 2425 1838 aut
2467 1795 2606 1858 poe·

269 1865 444 1922 matis
490 1862 678 1924 simile
723 1863 1007 1925 videatur.
1097 1863 1262 1926 Hanc
1305 1866 1516 1944 igitur,
1574 1867 1695 1924 sive
1742 1866 2229 1943 compositionem
2276 1868 2397 1926 sive
2444 1884 2577 1945 per·
2610 1875 2713 1926 228

195 1961 245 2000 2⁰
270 1951 592 2012 sectionem
647 1954 768 2012 sive
832 1971 1149 2014 numerum
1207 1955 1406 2014 vocari
1457 1952 1678 2034 placet,
1733 1951 2012 2013 adhibere
2078 1971 2325 2014 necesse
2381 1962 2499 2036 est,
2562 1957 2615 2014 si

274 2048 482 2100 ornate
519 2039 666 2101 velis
702 2041 922 2123 dicere,
967 2060 1086 2102 non
1126 2042 1338 2123 solum,
1385 2041 1545 2120 quod
1574 2043 1656 2101 ait
1681 2041 2029 2102 Aristoteles
2059 2051 2121 2102 et
2149 2042 2615 2125 TheophrastuS,

257 2145 348 2188 ne
395 2129 624 2189 infinite
671 2129 899 2196 feratur
943 2138 1010 2191 ut
1053 2130 1277 2191 flumen
1322 2132 1530 2211 oratio,
1578 2148 1727 2208 quae
1774 2147 1895 2191 non
1926 2139 2045 2191 aut
2088 2132 2303 2211 spiritu
2347 2149 2610 2210 pronun-

271 2219 476 2277 tiantis
522 2224 625 2279 aut
667 2219 1012 2280 interductu
1057 2219 1308 2323 librarii,
1347 2220 1467 2280 ·sed
1523 2236 1771 2279 numero
1826 2228 2029 2280 coacta
2082 2219 2261 2280 debet
2315 2221 2615 2302 insistere,

268 2319 481 2368 verum
527 2307 706 2367 etiam
754 2308 912 2388 quod
957 2308 1144 2370 multo
1189 2310 1476 2371 maiorem
1532 2306 1752 2370 hahent
1807 2315 1941 2388 apta
1996 2309 2115 2370 vim
2170 2326 2347 2389 quam
2372 2309 2611 2371 soluta.

196 2405 245 2446 25
271 2394 352 2455 Ut
407 2397 569 2455 enim
621 2396 870 2458 athletas
924 2416 1036 2459 nec
1095 2397 1282 2459 multo
1338 2416 1513 2459 secus
1567 2397 1920 2476 gladiatores
1976 2398 2241 2459 videmus
2296 2398 2443 2459 nihil
2500 2416 2613 2459 nec

270 2484 510 2545 vitando
556 2485 751 2546 facere
799 2494 969 2547 caute
1015 2506 1127 2548 nec
1172 2486 1428 2566 petendo
1472 2485 1883 2567 vehementer,
1946 2488 2010 2546 in
2067 2505 2185 2566 quo
2241 2504 2361 2547 non
2416 2495 2613 2548 motus

272 2654 927 2810 ἓὲθὲθέἰῖἶὲἕὲξίἑ.
940 2658 1389 2784 Quamne&

346 2802 394 2850 1.
433 2796 666 2851 alterum
701 2798 792 2853 ein
819 2799 1043 2853 zveiter
1054 2799 1388 2855 Demosthe·—

273 2882 390 2935 nes,
436 2866 558 2923 also
593 2868 937 2951 keiueswegs
975 2886 1036 2924 so
1082 2870 1390 2953 ,periodeu-

273 2941 430 3005 arm‘,
466 2937 574 2993 wie
603 2939 735 3009 jene
764 2958 866 3008 ag
869 2940 1122 2996 .Attiker
1147 2941 1385 2997 meinen.

341 3010 512 3063 saltat
545 3010 738 3081 hupft,
786 2958 985 3081 wgegen
1032 3012 1130 3067 der
1183 3012 1390 3068 kurzen

271 3079 400 3149 Pas,
445 3079 538 3134 die
573 3097 635 3135 er
671 3082 886 3149 macht3
931 3083 1180 3139 meidem
1214 3084 1389 3138 durch

275 3150 365 3205 die
385 3122 886 3209 fortwahrenden
904 3153 1105 3223 incisa,
1163 3154 1254 3209 die
1297 3155 1389 3211 nie

273 3238 386 3277 von
429 3220 584 3276 einer
634 3225 1052 3295 comprehensio
1101 3226 1390 3281 unterbro-

275 3292 416 3346 chen
437 3293 695 3363 wei-den,-
716 3296 982 3351 zerhackt
1004 3313 1064 3351 er
1086 3297 1186 3351 das
1205 3294 1391 3353 Ganze

273 3362 332 3416 in
369 3362 553 3418 lauter
588 3364 775 3421 kleine
813 3368 1096 3422 Teilchen.

277 3435 668 3560 θθῖὃαανίόιω
703 3438 842 3506 ipsis
877 3438 1055 3493 durch
1081 3438 1180 3494 das
1206 3439 1392 3495 blosse

435 3523 464 3559 r
532 3558 536 3563 .

346 3582 397 3631 8.
435 3582 767 3643 §227—236
793 3578 884 3649 (de
920 3579 1166 3635 utilitate
1202 3598 1393 3637 nume·

233 3652 240 3659 ’
274 3661 436 3702 rosae
471 3647 774 3718 dictionis).

347 3723 431 3773 10.
472 3719 774 3775 lectissimis
812 3727 931 3776 170.

350 3795 432 3843 11.
481 3795 607 3859 apte
646 3797 933 3859 149.170;
987 3795 1228 3849 absolute
1271 3812 1394 3866 per-

276 3858 438 3983 ἓθῖἰο,
476 3862 736 3917 concluse
772 3864 1082 3920 oratorisch
1118 3866 1392 3937 abgerun-

314 3946 344 3985 e
410 3936 530 3986 182.
573 3938 636 3986 17
643 3940 691 3988 7

350 4008 430 4057 13.
469 4019 628 4072 saepe
665 4011 1390 4063 67.172.187.194.198.

277 4077 396 4127 202.
435 4078 556 4127 221.

351 4148 432 4198 16.
469 4160 583 4199 non
617 4148 757 4216 quin
791 4150 898 4203 etc.
937 4150 1008 4205 de
1044 4167 1120 4206 or.
1158 4150 1254 4219 ΙΙΙ,
1273 4157 1391 4206 177.

351 4221 432 4271 16.
471 4217 699 4300 denique
734 4220 897 4274 etiam
934 4221 1004 4275 de
1040 4238 1118 4276 or.
1156 4221 1252 4288 ΙΠ,
1272 4228 1391 4276 122.

279 4290 381 4341 185
417 4285 478 4342 ιιι
500 4287 758 4345 omnibus
776 4290 928 4346 sonis
943 4295 1128 4373 natque
1145 4294 1392 4348 vocibus.

351 4363 435 4413 19.
490 4359 878 4428 perfectionem
937 4362 1018 4417 im
1083 4363 1221 4418 Sinn
1279 4382 1394 4419 von

1496 2655 1935 2711 concinnitatem
1958 2655 2094 2711 oder
2110 2656 2488 2726 periodischer
2500 2657 2612 2712 Ab·

1494 2726 1754 2797 rundung
1788 2732 1912 2783 202.
1943 2731 2046 2781 168
2082 2727 2333 2797 perfecto
2370 2728 2613 2797 comple-

1494 2800 1669 2867 toque
1720 2798 2019 2853 verborum
2074 2798 2293 2852 ambitu
2348 2798 2613 2868 gaudent,

1568 2945 1653 2993 22.
1690 2940 1906 3007 infinite
1939 2935 2005 2994 τὸ
2044 2936 2189 2995 de*
2144 2942 2444 3025 αρςυθμον
2471 2935 2613 2995 εἰπέ-

1496 3028 1719 3080 ραντον,
1769 3012 1869 3065 δεῖ
1914 3009 1979 3065 δὲ
2017 3014 2400 3081 πεπερανθαι.
2470 3013 2616 3079 fera-

1496 3088 1591 3135 twr
1628 3087 1713 3137 67.
1758 3083 1961 3151 flwmen
1995 3087 2081 3137 53.
2244 3121 2249 3127 -

1568 3158 1668 3207 aut
1713 3154 1926 3235 spiritu
1974 3156 2080 3208 etc.
2132 3154 2202 3208 de
2253 3170 2331 3208 or.
2367 3153 2472 3223 III,
2512 3159 2613 3209 173

1495 3222 1961 3305 interspirationis
2000 3223 2166 3293 enim,
2200 3239 2312 3280 ιιοιι
2340 3197 2615 3295 defatiga-

1496 3293 1669 3349 tionis
1719 3298 1966 3365 nostrae,
2021 3312 2203 3380 neque
2262 3294 2617 3351 librariorum

1498 3365 1646 3420 notis
1702 3362 1797 3436 (μὴ
1856 3339 1966 3420 διὰ
2016 3362 2117 3421 τὸν
2178 3365 2449 3436 γραφέα),
2516 3367 2616 3421 sed

1499 3437 1796 3491 verborum
1861 3438 1919 3491 et
1982 3437 2385 3493 sententiarum
2445 3437 2615 3493 modo

1500 3506 1883 3577 interpunctas
1924 3507 2203 3563 clausulas
2247 3507 2307 3561 ιιι
2352 3507 2617 3563 orationi-

1500 3577 1604 3633 bus
1642 3595 1763 3633 esse
1798 3578 2110 3633 voluerunt.

1573 3654 1659 3702 23.
1696 3651 1943 3704 &resistere
1980 3655 2097 3704 170.
2146 3654 2282 3717 apta
2322 3655 2437 3704 149.

1573 3726 1657 3774 25.
1696 3725 1761 3774 ut
1795 3721 1938 3774 enim
1974 3723 2077 3775 etc.
2136 3719 2323 3785 Quint.
2362 3720 2458 3790 IX,
2495 3726 2577 3804 4,
2585 3727 2618 3777 8

1500 3776 1560 3843 ιιι
1612 3790 1917 3847 certamine
1982 3808 2263 3846 armorum
2327 3792 2497 3861 atque
2558 3791 2621 3847 in

1501 3860 1655 3915 omni
1689 3862 1975 3931 palaestra
2010 3862 2148 3932 quid
2184 3862 2322 3918 satis
2348 3865 2501 3919 recte
2529 3880 2619 3918 ca-

1499 3934 1664 3986 vetur
1717 3949 1782 3988 ae
1825 3933 2037 4002 petitur
2090 3933 2199 4003 ,cui
2251 3949 2365 3990 non
2419 3933 2621 3989 artifex

1500 4004 1687 4128 ιιιοξιιε
1734 4009 1791 4059 et
1838 4004 1977 4060 certi
2022 4004 2252 4075 quidam
2304 4006 2476 4075 pedes
2520 4006 2618 4060 ad·

1500 4091 1586 4129 sin
1622 4078 1674 4128 26

1574 4150 1659 4199 26.
1696 4147 2022 4201 vitando—
2052 4153 2225 4216 caute,
2254 4148 2489 4217 petendo
2526 4146 2617 4201 die

1498 4210 1769 4272 solennen
1817 4218 2277 4289 Bezeichnungen
2338 4218 2451 4272 fiir:
2516 4234 2619 4288 pa-

1501 4286 1685 4343 rieren
1719 4288 1835 4343 und
1869 4289 2137 4359 schlagen
2174 4289 2512 4360 (ausfallen).

2086 4447 2195 4502 10*
