2949 4647
1113 107 1410 167 ORATOR
1445 119 1533 168 26.
1572 119 1800 170 90-02.
2555 119 2636 184 77

272 267 617 332 Atticorum
663 281 774 353 est,
820 292 856 333 e
903 273 1120 353 quibus
1167 285 1364 341 tamen
1410 295 1531 338 non
1572 295 1785 340 omnes
1842 282 2035 342 faceti.
2136 281 2339 362 Lysias
2386 286 2529 344 satis
2576 292 2637 345 et

274 356 641 440 Hyperides,
706 360 997 423 Demades
1059 372 1299 443 praeter
1361 374 1597 426 ceteros
1661 369 1881 450 fertur,
1947 368 2374 432 Demosthenes
2439 375 2636 434 minus

274 444 563 528 habetur3
631 467 748 528 quo
806 450 1046 529 quidem
1102 453 1247 513 mihi
1303 453 1448 514 nihil
1502 454 1739 516 videtur
1794 456 2111 539 urbaniuS,
2176 459 2281 519 sed
2336 477 2457 520 non
2516 469 2634 522 tam

273 532 447 595 dicax
505 537 620 598 l'uit
676 554 853 617 quam
908 540 1152 602 facetus,
1261 541 1371 603 Est
1433 551 1633 605 autem
1684 543 1833 605 illud
1888 548 2136 606 acrioris
2205 549 2454 629 ingenii,
2516 548 2633 609 hoc

213 634 244 676 5
276 625 524 684 maioris
571 628 734 687 artis

454 711 716 774 Uberius
773 723 866 776 est
919 716 1075 777 aliud
1133 719 1553 799 aliquantoque
1608 719 1915 782 robustius
1979 739 2155 800 quam
2221 723 2333 783 hoc
2391 723 2633 805 humile,

273 799 348 860 de
395 818 520 878 quo
579 802 804 863 dictum
861 812 979 885 est,
1045 809 1420 868 summissius
1486 817 1686 868 autem
1740 827 1919 888 quam
1972 811 2143 893 illud,
2208 812 2281 872 de
2336 829 2454 890 quo
2511 815 2631 874 iam

271 886 541 970 dicetur,
607 891 1052 971 amplissimum.
1160 895 1287 956 Hoc
1351 898 1444 957 in·
1479 914 1699 975 genere
1767 916 2087 959 nervorum
2151 899 2242 959 vel
2300 902 2631 981 minimum,

273 979 584 1038 suavitatis
631 987 831 1040 autem
879 990 972 1043 est
1025 983 1118 1042 vel
1172 983 1514 1063 plurimum.
1614 984 1724 1046 Est
1779 989 1937 1046 enim
1993 987 2227 1066 plenius
2284 1006 2461 1067 quam
2516 988 2629 1050 hoc
2667 1005 2736 1053 91

185 1079 244 1120 ιο
274 1065 682 1148 enucleatum,
739 1087 916 1148 quam
973 1079 1171 1132 autem
1225 1072 1372 1150 illud
1413 1080 1705 1134 -ornatum
1760 1077 2187 1155 copiosumque
2238 1078 2631 1138 summissius.

270 1152 430 1215 Huic
477 1159 674 1216 omnia
719 1157 960 1220 dicendi
1001 1168 1348 1220 ornamenta
1394 1163 1756 1222 conveniunt
1800 1163 2245 1242 plurimumque
2292 1172 2386 1224 est
2429 1167 2493 1225 in
2522 1161 2628 1246 27,
2664 1180 2736 1230 92

269 1241 386 1302 hac
433 1245 721 1306 orationis
768 1246 956 1306 forma
1003 1251 1325 1309 suavitatis.
1382 1249 1450 1309 In
1498 1266 1614 1328 qua
1660 1251 1832 1311 multi
1875 1250 2215 1312 floruerunt
2260 1252 2416 1331 apud
2446 1251 2627 1312 Grae-

270 1349 380 1391 cos
390 1379 408 1411 ,
467 1331 574 1392 sed
619 1332 942 1396 Phalereus
990 1335 1328 1398 Demetrius
1374 1355 1507 1398 meo
1555 1338 1776 1398 iudicio
1821 1342 2120 1418 praestitit
2166 1342 2383 1400 ceteris
2391 1388 2410 1421 ,
2457 1343 2630 1402 cuius

271 1421 466 1480 oratio
540 1439 678 1482 cum
737 1423 940 1484 sedate
1004 1423 1352 1504 placideque
1411 1425 1659 1506 labitur,
1724 1435 1853 1488 tum
1912 1427 2212 1489 illustrant
2270 1445 2401 1488 eam
2461 1431 2631 1507 quasi

180 1523 239 1565 15
271 1507 484 1569 stellae
530 1510 818 1590 quaedam
864 1511 1074 1575 tralata
1119 1513 1298 1574 verba
1343 1522 1523 1594 atque
1569 1517 1893 1576 immutata.
1968 1515 2203 1576 Tralata
2248 1533 2317 1575 ea
2365 1515 2515 1596 dico,
2562 1525 2629 1577 ut

265 1665 472 1818 122ssss
461 1670 636 1818 “3213
669 1665 1398 1793 ‘’iihignfwfflffiiiffliii

268 1807 450 1874 nicht,
487 1823 568 1862 sie
605 1807 728 1861 sind
763 1808 937 1864 ihnen
964 1808 1274 1879 gleichsam
1303 1823 1398 1863 an·

267 1878 523 1948 geboren
536 1920 551 1947 ,
605 1878 848 1934 facetiae
881 1879 961 1933 im
998 1895 1207 1950 engern
1243 1878 1398 1948 Sinn,

269 1965 443 2003 wenn
478 1948 748 2004 darunter
791 1950 933 2005 eben
969 1950 1128 2005 nicht
1163 1951 1266 2004 der
1302 1965 1399 2004 an·

181 2017 188 2024 ’
268 2019 522 2090 geborne
583 2019 950 2090 Mutterwitz‚
1005 2021 1244 2076 sondern
1307 2021 1399 2075 die

271 2090 487 2144 hohere
552 2091 896 2146 oratorische
958 2091 1215 2147 Feinheit
1285 2091 1400 2146 und

1504 1682 1612 1721 nne
1650 1685 1690 1721 s.
1730 1668 1958 1728 acutum
1996 1667 2089 1720 fiir
2124 1668 2229 1723 das
2266 1667 2491 1737 docere,
2530 1671 2630 1723 das

1507 1737 1757 1812 amplum
1793 1738 1884 1792 fflr
1918 1735 2021 1792 das
2056 1755 2283 1794 movere
2319 1755 2413 1794 am
2440 1739 2628 1810 geeig-

1504 1810 1729 1862 netsten
1766 1808 2081 1878 erscheint).

1582 1884 1665 1933 10.
1704 1879 2042 1933 enucleatum
2062 1885 2129 1934 28
2169 1879 2277 1934 der·
2302 1881 2627 1950 niichterne,

1505 1948 1867 2004 wasserklare
1902 1949 2141 2004 attische
2180 1951 2306 2005 Stil.

1582 2025 1665 2073 11.
1701 2022 1766 2074 in
1802 2021 1907 2074 hac
1940 2021 2209 2074 orationis
2233 2021 2417 2087 forma
2452 2020 2631 2080 soviel

1508 2090 1593 2144 als
1634 2091 1697 2144 in
1742 2091 1849 2144 hoc
1903 2105 2107 2160 genere
2152 2091 2375 2146 dicendi
2420 2091 2627 2159 medio,

1507 2161 1613 2216 wie
1661 2167 1730 2215 74
1792 2161 1972 2216 forma.
2032 2161 2257 2216 dicendi
2311 2161 2628 2231 ,Redeform

1508 2231 1642 2286 oder
1680 2231 2065 2303 Stilgattung‘.
2537 2295 2541 2300 ,

1584 2308 1667 2357 14.
1730 2305 1913 2359 sedate
1966 2302 2319 2373 placideque.-
2380 2302 2629 2360 insofern
2699 2358 2705 2363 .

271 2160 581 2216 Urbanitat
615 2163 953 2217 verstanden
987 2162 1149 2232 vird,
1183 2163 1260 2218 ist
1294 2179 1401 2217 nur

271 2231 387 2286 den
424 2230 762 2302 Koryphaen
807 2233 994 2303 eigeng
1046 2233 1193 2288 denn
1237 2249 1400 2288 wenn

273 2318 412 2357 man
465 2301 617 2358 diese
661 2303 900 2359 facetiae
949 2304 1067 2359 und
1111 2303 1400 2360 urbanitas

269 2374 411 2428 dem
428 2374 834 2430 Demosthenes
863 2375 1169 2445 abspricht,
1207 2392 1268 2431 so
1305 2376 1399 2431 be-

270 2446 412 2499 ruht
455 2444 556 2499 das
606 2445 708 2499 auf
747 2446 900 2500 einer
934 2446 1399 2515 Verwechslung;

272 2515 442 2570 dicax
493 2514 574 2569 ist
627 2532 688 2570 er
736 2516 923 2585 nicht,
979 2517 1092 2571 wol
1150 2518 1285 2572 aber
1337 2516 1397 2572 in

270 2586 484 2641 hohem
521 2584 708 2641 Grade
743 2587 968 2643 'facetus
1003 2588 1131 2657 (20).
1209 2588 1399 2654 Quint.

271 2657 375 2724 VI,
412 2662 463 2725 3,
499 2663 565 2711 21
611 2657 884 2712 dicacitas
926 2658 1156 2727 proprie
1189 2659 1398 2729 signifi·

267 2730 374 2783 cat
409 2743 720 2782 sermonem
759 2746 886 2783 cum
921 2729 1036 2783 risu
1063 2729 1285 2798 aliquos
1311 2728 1398 2785 in-

273 2800 588 2853 cessentem
625 2798 860 2869 (Spott);
907 2798 1034 2855 ideo
1070 2797 1399 2855 Demosthe-

272 2885 411 2924 nem
444 2870 722 2924 urbanum
767 2869 940 2925 fuisse
983 2870 1204 2940 dicunt,
1249 2870 1394 2926 dica.-

269 2956 403 2995 cem
436 2942 662 3009 negant.

351 3016 400 3065 2.
454 3012 661 3077 fertur:
713 3011 871 3066 Brut.
911 3016 978 3066 36
1037 3012 1193 3065 cuius
1241 3012 1402 3066 nulla

273 3083 520 3137 exstant
537 3082 762 3152 scripta.

351 3158 403 3206 4.
439 3153 613 3207 illud.-
649 3151 742 3207 die
779 3151 1048 3207 dicacitas
1084 3153 1402 3279 entspringt

273 3223 441 3277 mehr
489 3239 592 3277 aus
641 3222 798 3277 einer
850 3224 1208 3293 angebornen
1260 3224 1338 3279 Le
1379 3255 1401 3267 -

274 3292 586 3364 haffigkeit
619 3293 719 3347 des
755 3294 994 3363 Geistes‚
1041 3293 1132 3349 die
1169 3295 1402 3361 facetiae

269 3364 402 3419 sind
455 3364 618 3419 mehr
663 3364 842 3419 Sache
897 3365 996 3419 der
1049 3364 1240 3419 feinen
1285 3365 1402 3421 Bil-

265 3436 448 3505 dung.

347 3512 404 3574 2)
441 3505 558 3560 das
594 3521 808 3575 genus
844 3505 1142 3561 medium
1170 3512 1403 3562 91-96.

350 3582 397 3630 7.
436 3577 778 3631 summissius
813 3583 882 3631 90
921 3578 1050 3645 (26).
1111 3578 1227 3632 iam
1274 3578 1402 3646 ,als-

268 3646 429 3716 bald,
465 3647 812 3715 demnachst,
848 3647 1161 3703 weiterhin‘
1193 3651 1282 3717 (97
1303 3648 1400 3718 ff.).

350 3724 401 3773 8.
455 3718 555 3773 hoc
597 3718 663 3772 in
704 3733 893 3787 qenere
937 3734 1012 3774 sc.
1069 3719 1270 3774 medio·
1303 3725 1401 3787 21-;

275 3788 348 3843 de
394 3790 509 3858 opt.
555 3804 681 3859 gen.
735 3804 814 3843 or.
854 3796 914 3856 23
977 3804 1268 3845 new-vorm
1312 3796 1398 3847 62.

265 3859 348 3913 de
394 3876 473 3915 or.
511 3858 580 3927 11,
619 3864 684 3912 91
733 3859 922 3915 Fufius
967 3875 1168 3915 nervos
1210 3860 1271 3916 in
1317 3860 1406 3915 di-

275 3930 454 3985 cendo
499 3929 558 3985 G.
587 3929 868 3985 Fimbriae
903 3947 1017 3985 non
1054 3931 1404 4001 adsequitur3

276 4000 410 4063 Hor.
449 4003 554 4071 art.
599 4002 752 4070 poet.
793 4006 860 4055 26
900 4003 1213 4057 sectantem
1253 4002 1406 4058 levia.

263 4070 439 4126 nervi
475 4071 746 4126 deficiunt
783 4070 1094 4141 animique3
1142 4072 1295 4128 satir.
1333 4074 1404 4143 11,

285 4148 335 4211 1,
363 4144 423 4199 2.
667 4192 670 4195 ,

353 4219 403 4270 9.
449 4214 699 4267 suavitas
743 4213 821 4268 ist
865 4214 986 4269 also
1033 4214 1108 4269 da.
1151 4231 1244 4268 am
1283 4214 1402 4284 ort,

280 4299 368 4338 wo
405 4301 464 4339 es
501 4283 806 4339 besonders
849 4285 952 4340 auf
981 4285 1081 4341 das
1119 4286 1400 4341 delectare

265 4354 582 4411 ankommt
625 4355 913 4425 (wahrend
958 4356 1058 4412 das
1104 4372 1280 4427 genus
1317 4359 1400 4413 te·

1508 2374 1631 2429 also
1666 2374 1825 2446 neigt
1860 2374 1941 2430 sie
1976 2375 2137 2429 mehr
2164 2375 2311 2430 nach
2339 2374 2439 2429 der
2464 2374 2630 2431 einen

1510 2444 1679 2513 Seite,
1716 2445 1846 2500 dem
1884 2462 2061 2515 genus
2095 2448 2281 2503 tenue.
2356 2446 2520 2501 Tusc.
2558 2446 2627 2515 ΙΙ,

1508 2520 1576 2570 68
1632 2516 1703 2569 ad
1758 2516 2048 2571 ferendum
2102 2515 2355 2571 dolorem
2405 2516 2629 2587 placide

1508 2588 1677 2654 atque
1715 2587 1934 2653 sedate3
1973 2586 2184 2642 labitwr
2206 2592 2461 2653 187.191,
2498 2586 2630 2643 dem

1507 2656 1675 2727 ruhig
1692 2656 2189 2739 dahingleitenden
2198 2657 2417 2711 Strome
2438 2656 2628 2726 gleich

1508 2727 1644 2797 (vgl.
1682 2731 1751 2781 67
1788 2726 2077 2795 incitatius
2111 2727 2325 2782 feratur
2367 2727 2485 2781 und
2525 2734 2626 2783 187

1506 2796 1795 2854 incitatior
1820 2797 2040 2867 fertur);
2079 2802 2196 2852 tum
2224 2802 2331 2853 etc.
2369 2798 2633 2852 auderet-

1508 2866 1645 2923 seits
1681 2868 1900 2923 kommt
1935 2867 2017 2923 sie
2043 2868 2174 2923 dem
2202 2884 2377 2939 genus
2404 2868 2631 2925 dicendi

1508 2939 1722 3009 grande
1765 2940 1965 3005 nabet-3
2028 2940 2191 3009 quasi
2240 2940 2424 2994 stellae
2466 2956 2628 3009 quae-

1507 3011 1638 3065 dam
1700 3010 1771 3065 de
1836 3026 1915 3065 or.
1954 3010 2060 3077 111,
2109 3016 2211 3065 170
2272 3010 2629 3080 translatum,

1508 3080 1660 3151 quod
1695 3080 1939 3136 maxime
1972 3082 2268 3151 tamquam
2302 3082 2471 3137 stellis
2506 3084 2631 3151 qm*-

1510 3152 1739 3207 busdam
1800 3153 1963 3207 notat
2033 3153 2093 3207 et
2160 3152 2447 3207 illuminat
2508 3169 2629 3207 ora.-

1510 3222 1738 3277 tionem.

1587 3298 1669 3349 15.
1707 3294 1919 3348 tralata
1935 3310 2001 3347 ea
2018 3294 2142 3349 dico
2152 3314 2169 3347 .-
2207 3293 2333 3349 eine
2350 3293 2628 3363 abnuatis,

1510 3362 1680 3418 itm-ze
1729 3363 2055 3419 technische
2110 3365 2459 3435 Erorterung
2519 3365 2629 3432 (bis

1510 3435 1641 3489 haec
1674 3434 1986 3503 frequentat
2020 3440 2051 3501 5
2089 3438 2181 3505 94)
2215 3435 2325 3490 wie
2361 3436 2505 3490 oben
2541 3440 2630 3491 80.

1512 3505 1747 3560 Tralata.
1781 3511 1812 3571 ξ
1850 3511 1919 3561 80
1953 3506 2045 3560 die
2082 3506 2393 3575 Metapher,
2442 3505 2511 3559 de
2549 3522 2628 3561 or.

1510 3576 1609 3644 ΠΙ,
1650 3581 1751 3630 165
1802 3576 2004 3631 tertius
2054 3576 2152 3631 ille
2206 3575 2405 3630 modus
2448 3579 2631 3631 trans·

1510 3646 1727 3701 ferendi
1760 3646 1919 3701 verbi
1954 3644 2122 3714 (Ζέξις
2158 3645 2631 3718 μεταφερομὲνη),

1515 3734 1685 3788 quem
1720 3717 2023 3773 necessitas
2060 3716 2257 3787 genuit
2299 3718 2495 3787 inopia
2540 3735 2630 3774 co-

1514 3790 1645 3851 acta.
1682 3790 1741 3843 et
1782 3787 2079 3859 angustiis,
2136 3790 2269 3859 post
2310 3792 2502 3844 autem
2545 3791 2631 3847 iu-

1512 3860 1775 3913 cunditas
1842 3860 2225 3929 delectatioque
2306 3860 2632 3916 celebravit.

1515 3928 1705 3997 Quint.
1721 3928 1870 3998 vm,
1900 3937 1950 4000 6,
1988 3936 2020 3984 5
2054 3930 2392 3987 transfertur
2425 3948 2632 3987 nomen

1510 4003 1613 4055 aut
1674 4001 1907 4057 verbum
1962 4017 2032 4055 ex
2086 4016 2153 4056 eo
2205 4001 2350 4072 loco,
2404 4002 2464 4057 in
2516 4019 2629 4071 quo

1510 4071 1803 4142 proprium
1838 4074 1941 4142 est,
1986 4072 2045 4127 in
2083 4088 2237 4142 eum,
2284 4072 2345 4127 in
2382 4089 2493 4141 quo
2532 4076 2631 4129 aut

1508 4144 1796 4213 proprium
1826 4143 1988 4198 deest
2014 4145 2115 4198 aut
2139 4144 2476 4199 translatum
2502 4160 2629 4215 pro-

1511 4210 1633 4283 p'rio
1653 4214 1853 4269 melius
1868 4216 1981 4282 est3
2018 4215 2079 4270 id
2105 4214 2339 4270 facimus
2368 4217 2468 4269 aut
2495 4216 2631 4284 quia.

1508 4298 1733 4340 necesse
1770 4286 1871 4353 est,
1909 4288 2009 4341 aut
2054 4284 2189 4354 quia.
2224 4284 2629 4355 significantius

1508 4357 1612 4423 est,
1648 4358 1749 4411 aut
1780 4356 1919 4425 'quia
1954 4356 2256 4413 decentius.
