2949 4647
251 627 320 676 70

357 95 445 160 66

1193 95 1493 152 ORATOR
1528 102 1613 151 21.
1653 103 1881 154 69—70.

356 270 426 322 ut
469 261 685 323 flectat.
785 260 1046 326 Probare
1101 263 1479 322 necessitatis
1532 270 1653 341 est,
1712 261 2009 324 delectare
2066 261 2399 339 suavitatis,
2457 259 2713 320 flectere

354 351 667 430 victoriae3
732 367 868 410 nam
921 348 982 409 id
1027 367 1217 410 unum
1269 367 1344 410 ex
1399 349 1677 412 omnihus
1732 350 1807 410 ad
1850 348 2201 411 obtinendas
2248 365 2459 408 causae
2501 354 2709 425 potest

355 437 698 518 plurimum.

807 437 928 498 Sed
991 445 1136 515 quot
1201 437 1394 498 officia
1459 439 1742 518 oratoris,
1804 446 1893 500 tot
1952 445 2095 498 sunt
2154 453 2373 516 genera
2438 434 2706 496 dicendi:

357 525 575 587 subtile
619 528 682 588 in
735 524 1069 606 probando,
1133 525 1433 587 modicum
1496 527 1559 586 in
1622 525 1996 607 delectando,
2059 524 2379 589 vehemens
2437 526 2501 584 in
2562 523 2705 584 ilec-

357 615 567 695 tend03
630 617 691 674 in
737 633 858 693 quo
905 632 1024 675 uno
1077 616 1168 674 vis
1219 616 1412 674 omnis
1467 616 1723 677 oratoris
1780 621 1889 676 est.

1988 613 2185 692 Magni
2238 613 2425 692 igitur
2476 611 2705 692 iudicii,
2735 625 2773 666 τ»

358 720 620 764 summae
669 705 846 763 etiam
893 701 1186 763 facultatis
1233 719 1366 762 esee
1413 701 1655 764 debebit
1696 701 2037 764 moderator
2081 700 2179 764 ille
2226 709 2289 762 et
2332 701 2506 780 quasi
2551 707 2704 761 tem·

356 797 596 870 perator
641 791 820 852 huius
866 791 1197 869 tripartitae
1241 792 1561 852 varietatis,
1662 789 1811 852 Nam
1856 797 1919 853 et
1960 787 2245 852 iudicabit
2290 787 2433 867 quid
2480 789 2705 866 cuique

355 877 508 957 opus
555 881 632 939 sit
679 887 740 940 et
783 879 1006 957 poterit
1050 895 1426 957 quocumque
1473 879 1649 940 modo
1694 877 2019 958 postulabit
2062 895 2240 940 causa
2285 876 2505 938 dicere.
2584 875 2704 936 Sed

357 975 450 1028 est
515 965 884 1044 eloquentiae
949 968 1108 1027 sicut
1174 966 1543 1045 reliquarum
1608 984 1812 1028 rerum
1882 967 2337 1028 fundamentum
2392 965 2705 1043 sapientia.

356 1054 435 1116 Ut
489 1056 648 1115 enim
701 1056 764 1114 in
819 1056 962 1134 vite,
1025 1057 1112 1115 sic
1175 1057 1237 1115 in
1293 1057 1563 1116 oratione
1618 1055 1765 1116 nihil
1820 1063 1915 1116 est
1966 1053 2265 1116 difficilius
2318 1069 2503 1132 quam
2556 1051 2706 1131 quId
2740 1069 2797 1108 ιο

357 1142 564 1203 deceat
609 1142 826 1203 videre.

355 1225 694 1312 ,decorum‘.

927 1137 1200 1222 Πρέπον
1255 1142 1551 1223 appellant
1604 1143 1719 1203 hoc
1762 1141 2001 1224 Graeci3
2064 1159 2177 1204 noe
2232 1142 2499 1204 dicamus
2558 1158 2707 1202 sene

799 1230 884 1291 De
937 1248 1058 1310 quo
1114 1231 1418 1310 praeclare
1478 1239 1543 1292 et
1594 1231 1781 1292 multa
1831 1232 2281 1310 praecipiuntur
2336 1237 2399 1290 et
2452 1247 2555 1292 res
2612 1237 2707 1289 est

357 1321 696 1398 cognitione
741 1318 1100 1398 dignissima.
1198 1317 1394 1380 Huius
1445 1321 1817 1398 ignoratione
1872 1337 1995 1380 non
2048 1318 2225 1380 modo
2281 1320 2343 1378 in
2390 1320 2507 1378 vita
2517 1365 2537 1398 ,
2596 1317 2708 1378 sed

432 1513 481 1560 1.
500 1507 822 1562 suavitatis.-
849 1506 1005 1561 Brut.
1036 1511 1138 1561 188
1157 1505 1471 1562 delectetur

355 1577 662 1632 multitudo
717 1580 777 1632 et
823 1576 1047 1632 ducitur
1097 1575 1348 1632 oratione
1412 1579 1473 1632 et

357 1648 520 1716 quasi
554 1647 848 1717 voluptate
895 1646 1141 1716 quedam
1186 1647 1470 1717 perfundi-

355 1720 464 1774 tur.
504 1723 626 1774 200.
643 1724 745 1773 276
782 1717 894 1772 duo
931 1734 1146 1774 summe
1172 1717 1372 1786 tenuit,
1409 1721 1476 1774 ut

357 1790 417 1842 et
451 1804 570 1842 rem
595 1788 908 1844 illustraret
933 1791 993 1844 et
1019 1787 1235 1844 animos
1263 1804 1472 1856 eorum,

357 1857 456 1928 qui
491 1858 773 1927 audirent,
809 1857 1116 1915 devinciret
1151 1859 1472 1929 voluptat03

355 1931 561 1998 flectere
615 1929 773 1998 (oder
819 1932 1164 2000 permovere)
1223 1935 1304 1984 15.
1355 1937 1473 1984 125.

355 2000 426 2055 de
463 2016 540 2056 or.
577 2001 647 2068 Π,
685 2007 790 2056 205
849 2003 917 2055 ιιι
977 2000 1120 2055 nihil
1163 2000 1240 2056 ud
1283 2017 1474 2056 eorum

355 2073 572 2127 mentes
600 2043 852 2128 o’retione
878 2068 1182 2128 flectendas
1208 2072 1476 2141 proficere

353 2142 656 2224 possimus,
716 2141 784 2210 ΙΙ,
830 2148 933 2196 211
981 2142 1118 2198 hoec
1155 2144 1311 2212 (pere
1352 2158 1474 2198 ore-

353 2212 545 2281 tionis)
600 2228 746 2281 quae
791 2211 1105 2296 suscipitur·
1135 2213 1209 2267 ab
1257 2215 1477 2267 oratore

354 2283 427 2337 ud
512 2284 934 2338 commutandos
1015 2281 1230 2339 animos
1303 2286 1474 2353 utque

356 2355 510 2409 omni
544 2355 762 2409 ratione
797 2354 1116 2409 flectendos.

428 2431 479 2478 2.
527 2441 658 2479 nam
702 2424 765 2480 id
811 2440 986 2479 unum
1021 2426 1127 2480 etc.
1175 2442 1273 2479 zur
1305 2424 1473 2481 Moti—

353 2493 781 2621 &waitz
796 2494 1472 2636 ἦῖωέἕὲἵωῗίῗὲῒέ

353 2637 554 2691 docere
587 2636 845 2692 debitum
887 2638 1000 2705 eet,
1045 2636 1326 2692 delectare
1370 2638 1471 2691 ho-

353 2707 652 2776 noterium,
688 2723 1012 2778 permovere
1045 2707 1436 2763 neceesarium.

427 2784 476 2833 3.
529 2794 730 2847 ymera
775 2779 1000 2833 dicendi
1049 2777 1473 2849 Stilgettungen

353 2848 918 2917 (Auedruckeweisen)
955 2854 1027 2903 20
1050 2847 1107 2904 ff.
1151 2850 1223 2903 de
1260 2864 1340 2903 or.
1375 2848 1471 2917 ΙΙΙ,

426 2995 475 3046 5.
512 2990 578 3044 in
611 3004 720 3058 quo
753 3004 870 3045 uno
903 2990 1009 3045 etc.
1046 3006 1162 3045 wae
1192 2988 1303 3045 Cic.
1341 2989 1472 3045 eehr

354 3060 440 3116 oft.
473 3060 814 3115 hervorhebt
851 3066 1078 3115 15.128
1113 3060 1174 3114 ιιι
1211 3075 1323 3128 quo
1359 3074 1472 3115 uno

351 3133 578 3213 regnet
600 3130 798 3186 oratio.
863 3132 934 3186 de
984 3148 1064 3187 or.
1109 3131 1152 3198 Ι,
1198 3136 1268 3183 60
1319 3129 1473 3198 quod

351 3219 525 3255 unum
559 3201 622 3255 ιιι
652 3205 877 3257 oratore
913 3200 1247 3257 dominatur.
1293 3200 1338 3266 Ι,
1367 3204 1470 3255 219

350 3271 700 3327 inflammare
735 3272 1056 3328 dicendo—
1085 3287 1212 3325 eum
1249 3286 1316 3325 eo
1351 3285 1470 3325 ma-

349 3341 498 3397 xime
540 3342 658 3397 vie
732 3340 969 3398 oratorie
1031 3340 1470 3422 magnitudoque

237 3440 275 3479 ,·
352 3415 638 3478 cernatur,
700 3413 769 3479 Π,
807 3418 912 3466 215
969 3412 1360 3479 (commovere)
1410 3410 1470 3465 in

350 3500 465 3553 quo
528 3485 662 3538 sunt
723 3482 927 3539 omnia..
989 3482 1146 3535 Brut.
1195 3486 1318 3535 279.
1363 3486 1469 3537 276

353 3556 550 3609 eberat
584 3553 758 3609 tertie.
793 3552 896 3607 illa
929 3551 1078 3617 leue,
1109 3567 1224 3621 qua
1248 3566 1466 3620 permo-

347 3626 509 3680 veret
559 3626 619 3679 et
669 3622 934 3678 incitaret
992 3620 1230 3687 animos,
1295 3637 1466 3689 quem

347 3694 655 3777 plurimum
690 3692 902 3762 pollere
939 3691 1196 3747 diximus.

419 3765 624 3819 iudicii
657 3763 834 3819 eowol
893 3760 1236 3817 theorefiech
1299 3761 1466 3843 (iudi-

349 3834 504 3891 cabit
537 3834 596 3888 Z.
617 3836 671 3901 7)
709 3833 794 3887 ale
1002 3832 1121 3888 ech
1157 3831 1469 3903 (poterit-

347 3905 555 3974 dicere)
591 3903 796 3959 bochet
828 3902 1104 3987 beffihigt.

421 3981 474 4030 6.
509 3975 834 4039 wanden-ator,
867 3972 1114 4029 ineofern
1149 3990 1212 4029 er
1235 3972 1468 4099 ‹ilex-ege·

1281 4059 1336 4097 αι
1408 4060 1468 4099 αι·

1261 4128 1467 4169 nouzon

349 4047 598 4102 mantea
624 4044 745 4099 ἆται
765 4044 1151 4099 Functionen
1132 4060 1194 4099 m

345 4116 540 4173 Weiee
552 4114 780 4171 Meister
812 4114 892 4170 iet
924 4114 1040 4169 und
1075 4114 1198 4169 ihre

347 4188 527 4243 kennt
563 4192 690 4253 123·
743 4187 908 4256 quasi
941 4189 1282 4255 mapa-ator,
1315 4182 1464 4239 ineo-

347 4259 470 4315 fern
506 4274 567 4313 er
601 4260 743 4313 stete
777 4258 880 4313 dae
913 4257 1106 4313 rechte
1141 4252 1464 4310 Verhffltuie

345 4330 450 4385 der
484 4329 605 4385 drei
631 4327 980 4385 Functionen
1017 4325 1466 4393 untereinander,

1578 1505 1881 1577 gleichsam
1964 1505 2057 1560 die
2135 1506 2329 1560 rechte
2400 1505 2711 1576 Miechung

1579 1579 2103 1702 ffifftgffissnmm
2163 1570 2461 1645 εὐκρασία)
2526 1576 2707 1630 beob-

1652 1753 1989 1880 Sgoterit,
1973 1751 2131 1821 ,wird
2159 1753 2354 1824 (muse)
2384 1751 2477 1808 die
2490 1751 2707 1822 Fahig·

1580 1823 1705 1880 keit
1778 1821 2021 1879 eeitzeu‘.

1654 1936 1704 1984 9.
1750 1931 2029 2012 sapientia
2075 1929 2185 1999 ,die
2217 1928 2605 1999 Philosophie‘
2650 1932 2708 1997 (ξ

1584 2003 1691 2070 12),
1736 2001 1861 2055 hier
1892 1970 2141 2055 ineofern
2176 1999 2257 2055 eie
2293 1999 2354 2054 in
2388 1999 2491 2054 der
2527 1999 2708 2054 Ethik

1583 2071 1683 2126 dae
1718 2069 1935 2139 πρέπον
1969 2072 2135 2126 lehrt.
2196 2069 2386 2136 Quint.
2423 2069 2551 2138 XII,
2578 2077 2634 2136 2,
2673 2075 2708 2123 5

1582 2141 1775 2198 Cicero
1809 2141 2063 2211 pluribus
2100 2143 2159 2197 et
2199 2141 2359 2196 libris
2396 2143 2457 2196 et
2492 2139 2709 2210 epieto-

1582 2213 1653 2268 lie
1686 2214 1953 2278 testatur,
1996 2211 2219 2268 dicendi
2262 2211 2599 2268 facultatem
2638 2227 2711 2266 ex

1580 2282 1797 2339 intimis
1842 2281 2153 2354 sapientiae
2194 2281 2449 2339 fontibus
2499 2281 2709 2349 fluor-03

1582 2354 1824 2423 ideoque
1894 2354 2247 2424 aliquamdiu
2318 2358 2714 2423 praeceptores

1580 2426 1809 2481 eosdem
1833 2425 2005 2483 fuisse
2030 2441 2243 2481 morum
2270 2426 2445 2493 atque
2460 2424 2709 2479 dicendi.

1582 2496 1713 2551 Hor.
1752 2498 1857 2551 ert.
1894 2498 2045 2565 poet.
2076 2500 2178 2551 309
2218 2494 2515 2551 Scribendi
2552 2498 2713 2551 recte

1581 2582 1775 2635 sapere
1808 2568 1897 2621 est
1930 2569 1991 2623 et
2022 2565 2362 2636 principium
2394 2567 2457 2620 et
2488 2564 2637 2623 fone.

1656 2677 1738 2726 10.
1776 2672 1913 2743 quid
1946 2672 2130 2727 deceat
2166 2676 2404 2725 74.123.
2443 2671 2515 2725 de
2552 2688 2636 2727 or.
2664 2672 2713 2739 Ι,

1584 2747 1685 2796 132
1724 2758 1891 2811 quem
1928 2744 2024 2811 (ec.
2062 2740 2348 2811 Roscium)
2396 2758 2494 2796 eae
2534 2742 2569 2797 'e
2608 2758 2711 2797 au·

1580 2812 1674 2867 dio
1712 2813 1913 2879 dicere,
1952 2815 2124 2881 caput
2160 2828 2279 2867 esse
2308 2811 2449 2866 artie
2528 2828 2711 2881 ecere‚

1580 2883 1731 2965 quod
1774 2885 1964 2937 tamen
2009 2900 2182 2937 unum
2234 2881 2294 2937 id
2346 2898 2493 2950 esee,
2553 2856 2712 2952 quod

1578 2952 1729 3007 tradi
1763 2958 1885 3008 arte
1918 2968 2030 3006 non
2056 2952 2252 3023 possit.
2296 2952 2394 3020 111,
2423 2926 2529 3007 110
2557 2971 2712 3007 nunc

1619 3022 1719 3077 uid
1732 3026 1928 3105 aptum
1956 3024 2048 3091 eit,
2074 3021 2135 3078 id
2163 3026 2251 3078 est
2276 2994 2431 3095 quo'd
2458 3022 2712 3078 maxime

1620 3096 1779 3148 eceet
1811 3092 1875 3147 ιιι
1912 3093 2163 3149 ore-tione
2198 3094 2509 3149 videamus.

1655 3203 1737 3253 12.
1792 3199 2045 3255 decorum
2087 3198 2189 3253 dne
2234 3198 2661 3270 wohneffiudig
2662 3218 2711 3267 e,

1581 3268 1899 3339 (subjecfiv)
1936 3269 2035 3325 der
2070 3268 2325 3339 delitigo,
2362 3269 2515 3325 feiue
2556 3272 2713 3327 Takt

1580 3340 1649 3395 de
1704 3338 1796 3395 off.
1840 3340 1885 3406 I,
1930 3346 1997 3395 93
2048 3339 2156 3398 hoc
2203 3339 2332 3397 loco
2380 3340 2713 3398 continetur

1578 3410 1685 3477 (ede
1702 3427 1803 3465 zur
1816 3405 2151 3478 σωφροσύνη
2178 3409 2439 3479 gehorig)
2467 3409 2531 3465 id
2549 3413 2709 3481 quod

1579 3479 1693 3534 dici
1714 3479 1916 3535 Latine
1944 3480 2208 3536 decorum
2232 3482 2451 3550 potent,
2491 3480 2712 3540 Graeco

1580 3548 1733 3605 enim
1780 3548 1999 3632 τρέφον
2048 3548 2273 3607 dicitur.
2326 3580 2395 3591 -
2446 3550 2607 3607 Nam
2652 3556 2713 3607 et

1574 3619 1792 3677 ratione
1818 3620 1905 3675 uti
1928 3621 2097 3688 etque
2111 3620 2709 3691 orationeprudonter‚

1576 3692 1639 3747 et
1660 3706 1828 3773 egere
1847 3690 1999 3759 quod
2128 3707 2153 3743 ι
2172 3692 2516 3747 concideram
2526 3693 2713 3749 omni-

1578 3775 1688 3828 que
1732 3759 1793 3814 in
1837 3776 1899 3815 re
1944 3759 2043 3829 qui
2125 3760 2202 3814 eit
2242 3762 2365 3815 veri
2411 3762 2613 3819 videre
2652 3766 2713 3819 et

1574 3830 1727 3885 tueri
1758 3832 1903 3885 decet
1936 3834 2043 3885 etc.
2081 3859 2145 3871 -
2196 3831 2284 3899 (ut
2326 3830 2388 3885 id
2435 3832 2713 3889 decorum

1575 3900 1757 3955 velint
1790 3903 1953 3969 eene),
1974 3900 2140 3982 quod
2172 3899 2259 3955 ita
2294 3902 2538 3959 naturae
2576 3921 2710 3960 con·

1576 3973 1905 4027 eentaneum
1943 3969 2035 4037 eit,
2078 3972 2143 4026 ut
2176 3969 2237 4025 iu
2274 3987 2345 4029 eo
2380 3972 2711 4035 moderatio

1576 4043 1637 4095 et
1647 4039 2023 4109 temperantia
2047 4043 2321 4109 appa-reat
2346 4058 2479 4097 cum
2508 4046 2709 4112 speeie

1613 4109 1819 4165 undam
1834 4109 2073 4165 liberali.
2095 4140 2163 4153 --·
2180 4113 2378 4179 praeci
2430 4114 2667 4171 Uuntm·
2648 4134 2711 4169 ιιι

1574 4128 1676 4235 ger
1736 4180 1928 4235 Ethik.
2001 4179 2129 4249 vgl.
2192 4182 2267 4237 de
2330 4199 2365 4237 o
2410 4184 2520 4253 .Ι,
2562 4191 2709 4241 93-
