<?xml version="1.0" encoding="UTF-8"?>
<!DOCTYPE html PUBLIC "-//W3C//DTD XHTML 1.0 Transitional//EN"
    "http://www.w3.org/TR/xhtml1/DTD/xhtml1-transitional.dtd">
<html xmlns="http://www.w3.org/1999/xhtml" xml:lang="en" lang="en">
 <head>
  <title>
</title>
<meta http-equiv="Content-Type" content="text/html;charset=utf-8" />
  <meta name='ocr-system' content='tesseract 3.04.00' />
  <meta name='ocr-capabilities' content='ocr_page ocr_carea ocr_par ocr_line ocrx_word'/>
</head>
<body>
  <div class='ocr_page' id='page_1' title='image "./oratoradmbrutum00cicegoog/oratoradmbrutum00cicegoog_0126.png"; bbox 0 0 2949 4647; ppageno 0'>
   <div class='ocr_carea' id='block_1_1' title="bbox 1051 113 1819 172">
    <p class='ocr_par' dir='ltr' id='par_1_1' title="bbox 1051 113 1819 172">
     <span class='ocr_line' id='line_1_1' title="bbox 1051 113 1819 172; baseline 0 -2"><span class='ocrx_word' id='word_1_1' title='bbox 1051 113 1354 170; x_wconf 82' lang='lat' dir='ltr'><strong>ORATOR</strong></span> <span class='ocrx_word' id='word_1_2' title='bbox 1391 121 1479 171; x_wconf 85' lang='lat'><strong>49.</strong></span> <span class='ocrx_word' id='word_1_3' title='bbox 1520 120 1819 172; x_wconf 81' lang='lat'><strong>166—168.</strong></span> 
     </span>
    </p>
   </div>
   <div class='ocr_carea' id='block_1_2' title="bbox 2496 117 2626 182">
    <p class='ocr_par' dir='ltr' id='par_1_2' title="bbox 2496 117 2626 182">
     <span class='ocr_line' id='line_1_2' title="bbox 2496 117 2626 182; baseline 0.015 -2"><span class='ocrx_word' id='word_1_4' title='bbox 2496 117 2626 182; x_wconf 84' lang='lat'><strong>119</strong></span> 
     </span>
    </p>
   </div>
   <div class='ocr_carea' id='block_1_3' title="bbox 239 278 2081 537">
    <p class='ocr_par' dir='ltr' id='par_1_3' title="bbox 239 278 2081 537">
     <span class='ocr_line' id='line_1_3' title="bbox 341 278 1521 363; baseline 0.001 -22"><span class='ocrx_word' id='word_1_5' title='bbox 341 278 494 360; x_wconf 78' lang='lat' dir='ltr'><strong>eam,</strong></span> <span class='ocrx_word' id='word_1_6' title='bbox 541 298 722 359; x_wconf 88' lang='lat' dir='ltr'><strong>quam</strong></span> <span class='ocrx_word' id='word_1_7' title='bbox 769 279 920 340; x_wconf 85' lang='lat' dir='ltr'><strong>nihil</strong></span> <span class='ocrx_word' id='word_1_8' title='bbox 963 280 1228 363; x_wconf 76' lang='lat' dir='ltr'><strong>accusaS‚</strong></span> <span class='ocrx_word' id='word_1_9' title='bbox 1275 281 1521 342; x_wconf 85' lang='lat' dir='ltr'><strong>damnas</strong></span> 
     </span>
     <span class='ocr_line' id='line_1_4' title="bbox 239 363 2012 457; baseline 0.002 -27"><span class='ocrx_word' id='word_1_10' title='bbox 239 363 688 452; x_wconf 80' lang='lat' dir='ltr'><strong>(,condemnas‘</strong></span> <span class='ocrx_word' id='word_1_11' title='bbox 733 369 983 457; x_wconf 86' lang='lat' dir='ltr'><strong>diceret,</strong></span> <span class='ocrx_word' id='word_1_12' title='bbox 1032 371 1136 449; x_wconf 89' lang='lat' dir='ltr'><strong>qui</strong></span> <span class='ocrx_word' id='word_1_13' title='bbox 1183 388 1422 432; x_wconf 86' lang='lat' dir='ltr'><strong>versum</strong></span> <span class='ocrx_word' id='word_1_14' title='bbox 1469 371 1735 450; x_wconf 82' lang='lat' dir='ltr'><strong>effugere</strong></span> <span class='ocrx_word' id='word_1_15' title='bbox 1784 365 2012 454; x_wconf 87' lang='lat' dir='ltr'><strong>vellet),</strong></span> 
     </span>
     <span class='ocr_line' id='line_1_5' title="bbox 861 457 2081 537; baseline 0.002 -19"><span class='ocrx_word' id='word_1_16' title='bbox 861 457 1018 518; x_wconf 76' lang='lat' dir='ltr'><strong>bene</strong></span> <span class='ocrx_word' id='word_1_17' title='bbox 1062 476 1243 537; x_wconf 86' lang='lat' dir='ltr'><strong>quam</strong></span> <span class='ocrx_word' id='word_1_18' title='bbox 1289 460 1563 520; x_wconf 87' lang='lat' dir='ltr'><strong>meritam</strong></span> <span class='ocrx_word' id='word_1_19' title='bbox 1610 477 1743 520; x_wconf 89' lang='lat' dir='ltr'><strong>esse</strong></span> <span class='ocrx_word' id='word_1_20' title='bbox 1790 459 2081 535; x_wconf 78' lang='lat' dir='ltr'><strong>autumaS,</strong></span> 
     </span>
    </p>
   </div>
   <div class='ocr_carea' id='block_1_4' title="bbox 340 546 983 610">
    <p class='ocr_par' dir='ltr' id='par_1_4' title="bbox 340 546 983 610">
     <span class='ocr_line' id='line_1_6' title="bbox 340 546 983 610; baseline -0.006 0"><span class='ocrx_word' id='word_1_21' title='bbox 340 549 498 610; x_wconf 83' lang='lat' dir='ltr'><strong>dicis</strong></span> <span class='ocrx_word' id='word_1_22' title='bbox 544 546 697 609; x_wconf 87' lang='lat' dir='ltr'><strong>male</strong></span> <span class='ocrx_word' id='word_1_23' title='bbox 743 547 983 608; x_wconf 78' lang='lat' dir='ltr'><strong>mereri.</strong></span> 
     </span>
    </p>
   </div>
   <div class='ocr_carea' id='block_1_5' title="bbox 253 635 2617 896">
    <p class='ocr_par' dir='ltr' id='par_1_5' title="bbox 253 635 2617 894">
     <span class='ocr_line' id='line_1_7' title="bbox 342 635 2179 718; baseline 0.001 -21"><span class='ocrx_word' id='word_1_24' title='bbox 342 637 409 698; x_wconf 94' lang='lat' dir='ltr'><strong>1d</strong></span> <span class='ocrx_word' id='word_1_25' title='bbox 458 636 624 714; x_wconf 76' lang='lat' dir='ltr'><strong>qnod</strong></span> <span class='ocrx_word' id='word_1_26' title='bbox 669 636 806 716; x_wconf 81' lang='lat' dir='ltr'><strong>sciS,</strong></span> <span class='ocrx_word' id='word_1_27' title='bbox 853 635 1100 714; x_wconf 88' lang='lat' dir='ltr'><strong>prodest</strong></span> <span class='ocrx_word' id='word_1_28' title='bbox 1146 635 1248 716; x_wconf 88' lang='lat' dir='ltr'><strong>nil,</strong></span> <span class='ocrx_word' id='word_1_29' title='bbox 1294 636 1354 696; x_wconf 90' lang='lat' dir='ltr'><strong>id</strong></span> <span class='ocrx_word' id='word_1_30' title='bbox 1402 636 1561 716; x_wconf 87' lang='lat' dir='ltr'><strong>quod</strong></span> <span class='ocrx_word' id='word_1_31' title='bbox 1610 638 1827 718; x_wconf 79' lang='lat' dir='ltr'><strong>nesciS,</strong></span> <span class='ocrx_word' id='word_1_32' title='bbox 1870 637 2045 698; x_wconf 89' lang='lat' dir='ltr'><strong>obest</strong></span> <span class='ocrx_word' id='word_1_33' title='bbox 2094 671 2179 682; x_wconf 89' lang='lat'><strong>—·-</strong></span> 
     </span>
     <span class='ocr_line' id='line_1_8' title="bbox 253 723 2617 806; baseline 0.001 -20"><span class='ocrx_word' id='word_1_34' title='bbox 253 743 494 787; x_wconf 87' lang='lat' dir='ltr'><strong>versum</strong></span> <span class='ocrx_word' id='word_1_35' title='bbox 539 725 726 786; x_wconf 83' lang='lat' dir='ltr'><strong>efficit</strong></span> <span class='ocrx_word' id='word_1_36' title='bbox 770 727 898 805; x_wconf 88' lang='lat' dir='ltr'><strong>ipsa</strong></span> <span class='ocrx_word' id='word_1_37' title='bbox 955 723 1166 786; x_wconf 89' lang='lat' dir='ltr'><strong>relatio</strong></span> <span class='ocrx_word' id='word_1_38' title='bbox 1223 727 1690 806; x_wconf 66' lang='lat' dir='ltr'><strong>contrariorum</strong></span> <span class='ocrx_word' id='word_1_39' title='bbox 1746 759 1835 768; x_wconf 90' lang='lat'><em>-</em></span> <span class='ocrx_word' id='word_1_40' title='bbox 1895 726 1954 786; x_wconf 92' lang='lat' dir='ltr'><strong>id</strong></span> <span class='ocrx_word' id='word_1_41' title='bbox 2013 734 2174 788; x_wconf 91' lang='lat' dir='ltr'><strong>esset</strong></span> <span class='ocrx_word' id='word_1_42' title='bbox 2229 729 2291 788; x_wconf 90' lang='lat' dir='ltr'><strong>in</strong></span> <span class='ocrx_word' id='word_1_43' title='bbox 2345 730 2617 790; x_wconf 88' lang='lat' dir='ltr'><strong>oratione</strong></span> 
     </span>
     <span class='ocr_line' id='line_1_9' title="bbox 253 812 2615 896; baseline 0.001 -20"><span class='ocrx_word' id='word_1_44' title='bbox 253 831 672 877; x_wconf 88' lang='lat' dir='ltr'><strong>numerosum·</strong></span> <span class='ocrx_word' id='word_1_45' title='bbox 715 814 897 894; x_wconf 85' lang='lat' dir='ltr'><strong>,qnod</strong></span> <span class='ocrx_word' id='word_1_46' title='bbox 943 815 1080 893; x_wconf 86' lang='lat' dir='ltr'><strong>scis,</strong></span> <span class='ocrx_word' id='word_1_47' title='bbox 1125 812 1272 874; x_wconf 86' lang='lat' dir='ltr'><strong>nihil</strong></span> <span class='ocrx_word' id='word_1_48' title='bbox 1316 813 1597 892; x_wconf 88' lang='lat' dir='ltr'><strong>prodest:</strong></span> <span class='ocrx_word' id='word_1_49' title='bbox 1645 814 1807 894; x_wconf 89' lang='lat' dir='ltr'><strong>quod</strong></span> <span class='ocrx_word' id='word_1_50' title='bbox 1852 817 2067 896; x_wconf 83' lang='lat' dir='ltr'><strong>nesciS,</strong></span> <span class='ocrx_word' id='word_1_51' title='bbox 2114 815 2369 879; x_wconf 85' lang='lat' dir='ltr'><strong>multum</strong></span> <span class='ocrx_word' id='word_1_52' title='bbox 2405 812 2615 880; x_wconf 79' lang='lat' dir='ltr'><strong>obest‘.</strong></span> 
     </span>
    </p>
   </div>
   <div class='ocr_carea' id='block_1_6' title="bbox 256 893 2723 985">
    <p class='ocr_par' dir='ltr' id='par_1_6' title="bbox 256 893 2723 985">
     <span class='ocr_line' id='line_1_10' title="bbox 256 893 2723 985; baseline 0.001 -20"><span class='ocrx_word' id='word_1_53' title='bbox 256 904 508 982; x_wconf 82' lang='lat' dir='ltr'>Semper</span> <span class='ocrx_word' id='word_1_54' title='bbox 553 903 719 983; x_wconf 86' lang='lat' dir='ltr'><strong>haec,</strong></span> <span class='ocrx_word' id='word_1_55' title='bbox 763 920 916 980; x_wconf 87' lang='lat' dir='ltr'><strong>quae</strong></span> <span class='ocrx_word' id='word_1_56' title='bbox 963 901 1174 962; x_wconf 87' lang='lat' dir='ltr'><strong>Graeci</strong></span> <span class='ocrx_word' id='word_1_57' title='bbox 1219 893 1541 964; x_wconf 79' lang='grc' dir='ltr'><strong><em>ἀντίθετα</em></strong></span> <span class='ocrx_word' id='word_1_58' title='bbox 1586 905 1911 985; x_wconf 85' lang='lat' dir='ltr'><strong>nominant,</strong></span> <span class='ocrx_word' id='word_1_59' title='bbox 1958 922 2097 967; x_wconf 86' lang='lat' dir='ltr'><strong>cum</strong></span> <span class='ocrx_word' id='word_1_60' title='bbox 2143 907 2457 969; x_wconf 83' lang='lat' dir='ltr'><strong>contrariis</strong></span> <span class='ocrx_word' id='word_1_61' title='bbox 2506 924 2607 985; x_wconf 89' lang='lat' dir='ltr'><strong>op·</strong></span> <span class='ocrx_word' id='word_1_62' title='bbox 2629 901 2723 967; x_wconf 83' lang='lat'><strong>50</strong></span> 
     </span>
    </p>
   </div>
   <div class='ocr_carea' id='block_1_7' title="bbox 251 984 2609 1074">
    <p class='ocr_par' dir='ltr' id='par_1_7' title="bbox 251 984 2609 1074">
     <span class='ocr_line' id='line_1_11' title="bbox 251 984 2609 1074; baseline -0 -19"><span class='ocrx_word' id='word_1_63' title='bbox 251 999 562 1073; x_wconf 87' lang='lat' dir='ltr'><strong>ponuntur</strong></span> <span class='ocrx_word' id='word_1_64' title='bbox 607 992 936 1064; x_wconf 88' lang='lat' dir='ltr'><strong>contraria,</strong></span> <span class='ocrx_word' id='word_1_65' title='bbox 993 1007 1310 1052; x_wconf 87' lang='lat' dir='ltr'><strong>numerum</strong></span> <span class='ocrx_word' id='word_1_66' title='bbox 1356 993 1687 1052; x_wconf 84' lang='lat' dir='ltr'><strong>oratorium</strong></span> <span class='ocrx_word' id='word_1_67' title='bbox 1732 994 2093 1054; x_wconf 79' lang='lat' dir='ltr'><strong>necessitate</strong></span> <span class='ocrx_word' id='word_1_68' title='bbox 2149 984 2278 1072; x_wconf 82' lang='lat' dir='ltr'><strong>ipsa</strong></span> <span class='ocrx_word' id='word_1_69' title='bbox 2324 993 2609 1074; x_wconf 84' lang='lat' dir='ltr'><strong>efficiunt,</strong></span> 
     </span>
    </p>
   </div>
   <div class='ocr_carea' id='block_1_8' title="bbox 173 1077 2721 1160">
    <p class='ocr_par' dir='ltr' id='par_1_8' title="bbox 173 1077 2721 1160">
     <span class='ocr_line' id='line_1_12' title="bbox 173 1077 2721 1160; baseline 0.003 -24"><span class='ocrx_word' id='word_1_70' title='bbox 173 1097 227 1138; x_wconf 82' lang='grc' dir='ltr'><strong>ιο</strong></span> <span class='ocrx_word' id='word_1_71' title='bbox 253 1091 314 1144; x_wconf 88' lang='lat' dir='ltr'><strong>et</strong></span> <span class='ocrx_word' id='word_1_72' title='bbox 367 1097 510 1141; x_wconf 89' lang='lat' dir='ltr'><strong>eum</strong></span> <span class='ocrx_word' id='word_1_73' title='bbox 551 1082 696 1140; x_wconf 73' lang='lat' dir='ltr'><strong>sine</strong></span> <span class='ocrx_word' id='word_1_74' title='bbox 750 1078 1062 1142; x_wconf 84' lang='lat' dir='ltr'><strong>industria.</strong></span> <span class='ocrx_word' id='word_1_75' title='bbox 1163 1077 1290 1142; x_wconf 85' lang='lat' dir='ltr'><strong>Hoc</strong></span> <span class='ocrx_word' id='word_1_76' title='bbox 1345 1097 1567 1158; x_wconf 85' lang='lat' dir='ltr'><strong>genere</strong></span> <span class='ocrx_word' id='word_1_77' title='bbox 1623 1080 1853 1160; x_wconf 82' lang='lat' dir='ltr'>antiqui</span> <span class='ocrx_word' id='word_1_78' title='bbox 1904 1083 2023 1142; x_wconf 90' lang='lat' dir='ltr'><strong>iam</strong></span> <span class='ocrx_word' id='word_1_79' title='bbox 2077 1088 2213 1142; x_wconf 89' lang='lat' dir='ltr'><strong>ante</strong></span> <span class='ocrx_word' id='word_1_80' title='bbox 2260 1080 2585 1144; x_wconf 88' lang='lat' dir='ltr'><strong>Isocratem</strong></span> <span class='ocrx_word' id='word_1_81' title='bbox 2617 1101 2721 1150; x_wconf 75' lang='lat'><strong>167</strong></span> 
     </span>
    </p>
   </div>
   <div class='ocr_carea' id='block_1_9' title="bbox 249 1166 2609 1251">
    <p class='ocr_par' dir='ltr' id='par_1_9' title="bbox 249 1166 2609 1251">
     <span class='ocr_line' id='line_1_13' title="bbox 249 1166 2609 1251; baseline 0 -20"><span class='ocrx_word' id='word_1_82' title='bbox 249 1167 702 1232; x_wconf 79' lang='lat' dir='ltr'><strong>&#39;delectabantur</strong></span> <span class='ocrx_word' id='word_1_83' title='bbox 765 1177 826 1229; x_wconf 92' lang='lat' dir='ltr'><strong>et</strong></span> <span class='ocrx_word' id='word_1_84' title='bbox 888 1169 1142 1230; x_wconf 82' lang='lat' dir='ltr'><strong>maxime</strong></span> <span class='ocrx_word' id='word_1_85' title='bbox 1207 1166 1455 1248; x_wconf 82' lang='lat' dir='ltr'><strong>Gorgias</strong></span> <span class='ocrx_word' id='word_1_86' title='bbox 1473 1216 1492 1251; x_wconf 88' lang='lat'><strong>,</strong></span> <span class='ocrx_word' id='word_1_87' title='bbox 1558 1169 1730 1232; x_wconf 88' lang='lat' dir='ltr'><strong>cuius</strong></span> <span class='ocrx_word' id='word_1_88' title='bbox 1795 1171 1857 1230; x_wconf 91' lang='lat' dir='ltr'><strong>in</strong></span> <span class='ocrx_word' id='word_1_89' title='bbox 1922 1171 2189 1231; x_wconf 87' lang='lat' dir='ltr'><strong>oratione</strong></span> <span class='ocrx_word' id='word_1_90' title='bbox 2254 1170 2609 1250; x_wconf 85' lang='lat' dir='ltr'><strong>plerumque</strong></span> 
     </span>
    </p>
   </div>
   <div class='ocr_carea' id='block_1_10' title="bbox 253 1257 1410 1336">
    <p class='ocr_par' dir='ltr' id='par_1_10' title="bbox 253 1257 1410 1336">
     <span class='ocr_line' id='line_1_14' title="bbox 253 1257 1410 1336; baseline -0.003 -15"><span class='ocrx_word' id='word_1_91' title='bbox 253 1260 436 1321; x_wconf 87' lang='lat' dir='ltr'><strong>efficit</strong></span> <span class='ocrx_word' id='word_1_92' title='bbox 481 1275 802 1320; x_wconf 87' lang='lat' dir='ltr'><strong>numerum</strong></span> <span class='ocrx_word' id='word_1_93' title='bbox 849 1258 976 1336; x_wconf 90' lang='lat' dir='ltr'><strong>ipsa</strong></span> <span class='ocrx_word' id='word_1_94' title='bbox 1023 1257 1410 1318; x_wconf 78' lang='lat' dir='ltr'><strong>concinnitas,</strong></span> 
     </span>
    </p>
   </div>
   <div class='ocr_carea' id='block_1_11' title="bbox 1514 1256 2609 1336">
    <p class='ocr_par' dir='ltr' id='par_1_11' title="bbox 1514 1256 2609 1336">
     <span class='ocr_line' id='line_1_15' title="bbox 1514 1256 2609 1336; baseline 0.002 -19"><span class='ocrx_word' id='word_1_95' title='bbox 1514 1256 1635 1318; x_wconf 88' lang='lat' dir='ltr'><strong>Nos</strong></span> <span class='ocrx_word' id='word_1_96' title='bbox 1691 1259 1872 1318; x_wconf 90' lang='lat' dir='ltr'><strong>etiam</strong></span> <span class='ocrx_word' id='word_1_97' title='bbox 1926 1259 1989 1318; x_wconf 88' lang='lat' dir='ltr'><strong>in</strong></span> <span class='ocrx_word' id='word_1_98' title='bbox 2043 1258 2157 1320; x_wconf 90' lang='lat' dir='ltr'><strong>hoc</strong></span> <span class='ocrx_word' id='word_1_99' title='bbox 2212 1275 2433 1336; x_wconf 84' lang='lat' dir='ltr'><strong>genere</strong></span> <span class='ocrx_word' id='word_1_100' title='bbox 2492 1261 2609 1320; x_wconf 86' lang='lat' dir='ltr'><strong>fre-</strong></span> 
     </span>
    </p>
   </div>
   <div class='ocr_carea' id='block_1_12' title="bbox 173 1345 2611 1782">
    <p class='ocr_par' dir='ltr' id='par_1_12' title="bbox 173 1345 2611 1782">
     <span class='ocr_line' id='line_1_16' title="bbox 253 1345 2609 1427; baseline -0.001 -17"><span class='ocrx_word' id='word_1_101' title='bbox 253 1354 526 1427; x_wconf 87' lang='lat' dir='ltr'><strong>quentes,</strong></span> <span class='ocrx_word' id='word_1_102' title='bbox 572 1353 642 1406; x_wconf 92' lang='lat' dir='ltr'><strong>ut</strong></span> <span class='ocrx_word' id='word_1_103' title='bbox 684 1345 783 1408; x_wconf 84' lang='lat' dir='ltr'><strong>illa</strong></span> <span class='ocrx_word' id='word_1_104' title='bbox 829 1352 972 1406; x_wconf 87' lang='lat' dir='ltr'><strong>sunt</strong></span> <span class='ocrx_word' id='word_1_105' title='bbox 1015 1346 1080 1404; x_wconf 90' lang='lat' dir='ltr'><strong>in</strong></span> <span class='ocrx_word' id='word_1_106' title='bbox 1125 1352 1338 1425; x_wconf 88' lang='lat' dir='ltr'><strong>quarto</strong></span> <span class='ocrx_word' id='word_1_107' title='bbox 1383 1347 1809 1408; x_wconf 79' lang='lat' dir='ltr'><strong>accusationis:</strong></span> <span class='ocrx_word' id='word_1_108' title='bbox 1865 1347 2155 1427; x_wconf 86' lang='lat' dir='ltr'><strong>,conferte</strong></span> <span class='ocrx_word' id='word_1_109' title='bbox 2204 1346 2353 1408; x_wconf 90' lang='lat' dir='ltr'><strong>hanc</strong></span> <span class='ocrx_word' id='word_1_110' title='bbox 2400 1365 2609 1427; x_wconf 84' lang='lat' dir='ltr'><strong>pacem</strong></span> 
     </span>
     <span class='ocr_line' id='line_1_17' title="bbox 253 1430 2611 1515; baseline -0 -18"><span class='ocrx_word' id='word_1_111' title='bbox 253 1454 388 1498; x_wconf 87' lang='lat' dir='ltr'><strong>cum</strong></span> <span class='ocrx_word' id='word_1_112' title='bbox 443 1434 548 1495; x_wconf 90' lang='lat' dir='ltr'><strong>illo</strong></span> <span class='ocrx_word' id='word_1_113' title='bbox 603 1433 787 1514; x_wconf 85' lang='lat' dir='ltr'><strong>bello,</strong></span> <span class='ocrx_word' id='word_1_114' title='bbox 833 1430 1032 1496; x_wconf 72' lang='lat' dir='ltr'><strong>&#39;huius</strong></span> <span class='ocrx_word' id='word_1_115' title='bbox 1098 1435 1392 1512; x_wconf 88' lang='lat' dir='ltr'><strong>praetoris</strong></span> <span class='ocrx_word' id='word_1_116' title='bbox 1447 1435 1765 1496; x_wconf 85' lang='lat' dir='ltr'><strong>adventum</strong></span> <span class='ocrx_word' id='word_1_117' title='bbox 1820 1453 1957 1496; x_wconf 88' lang='lat' dir='ltr'><strong>cum</strong></span> <span class='ocrx_word' id='word_1_118' title='bbox 2013 1435 2173 1496; x_wconf 87' lang='lat' dir='ltr'><strong>illius</strong></span> <span class='ocrx_word' id='word_1_119' title='bbox 2226 1436 2611 1515; x_wconf 88' lang='lat' dir='ltr'><strong>imperatoris</strong></span> 
     </span>
     <span class='ocr_line' id='line_1_18' title="bbox 173 1521 2610 1605; baseline 0.002 -25"><span class='ocrx_word' id='word_1_120' title='bbox 173 1541 224 1582; x_wconf 80' lang='lat'><strong>15</strong></span> <span class='ocrx_word' id='word_1_121' title='bbox 251 1525 518 1604; x_wconf 86' lang='lat' dir='ltr'><strong>victoria,</strong></span> <span class='ocrx_word' id='word_1_122' title='bbox 563 1521 744 1584; x_wconf 89' lang='lat' dir='ltr'><strong>huius</strong></span> <span class='ocrx_word' id='word_1_123' title='bbox 791 1522 1099 1584; x_wconf 85' lang='lat' dir='ltr'><strong>cohortem</strong></span> <span class='ocrx_word' id='word_1_124' title='bbox 1138 1524 1433 1601; x_wconf 87' lang='lat' dir='ltr'><strong>impuram</strong></span> <span class='ocrx_word' id='word_1_125' title='bbox 1470 1540 1609 1583; x_wconf 85' lang='lat' dir='ltr'><strong>cum</strong></span> <span class='ocrx_word' id='word_1_126' title='bbox 1636 1523 1796 1586; x_wconf 82' lang='lat' dir='ltr'><strong>illius</strong></span> <span class='ocrx_word' id='word_1_127' title='bbox 1826 1525 2093 1586; x_wconf 82' lang='lat' dir='ltr'><strong>exercitu</strong></span> <span class='ocrx_word' id='word_1_128' title='bbox 2138 1525 2380 1605; x_wconf 85' lang='lat' dir='ltr'><strong>invicto,</strong></span> <span class='ocrx_word' id='word_1_129' title='bbox 2427 1525 2610 1586; x_wconf 90' lang='lat' dir='ltr'><strong>huius</strong></span> 
     </span>
     <span class='ocr_line' id='line_1_19' title="bbox 249 1610 2609 1695; baseline 0 -21"><span class='ocrx_word' id='word_1_130' title='bbox 249 1613 528 1674; x_wconf 85' lang='lat' dir='ltr'><strong>libidines</strong></span> <span class='ocrx_word' id='word_1_131' title='bbox 577 1629 714 1672; x_wconf 86' lang='lat' dir='ltr'><strong>cum</strong></span> <span class='ocrx_word' id='word_1_132' title='bbox 759 1610 918 1672; x_wconf 79' lang='lat' dir='ltr'><strong>iilius</strong></span> <span class='ocrx_word' id='word_1_133' title='bbox 965 1612 1359 1673; x_wconf 88' lang='lat' dir='ltr'><strong>continentia.</strong></span> <span class='ocrx_word' id='word_1_134' title='bbox 1406 1610 1480 1672; x_wconf 87' lang='lat' dir='ltr'><strong>ab</strong></span> <span class='ocrx_word' id='word_1_135' title='bbox 1516 1611 1637 1693; x_wconf 83' lang='lat' dir='ltr'><strong>illo,</strong></span> <span class='ocrx_word' id='word_1_136' title='bbox 1684 1615 1787 1691; x_wconf 88' lang='lat' dir='ltr'><strong>qui</strong></span> <span class='ocrx_word' id='word_1_137' title='bbox 1816 1614 1990 1693; x_wconf 86' lang='lat' dir='ltr'><strong>cepit,</strong></span> <span class='ocrx_word' id='word_1_138' title='bbox 2038 1613 2327 1694; x_wconf 82' lang='lat' dir='ltr'><strong>conditaS,</strong></span> <span class='ocrx_word' id='word_1_139' title='bbox 2372 1612 2445 1673; x_wconf 89' lang='lat' dir='ltr'><strong>ab</strong></span> <span class='ocrx_word' id='word_1_140' title='bbox 2474 1613 2609 1695; x_wconf 90' lang='lat' dir='ltr'><strong>hoc,</strong></span> 
     </span>
     <span class='ocr_line' id='line_1_20' title="bbox 251 1696 1971 1782; baseline -0.001 -19"><span class='ocrx_word' id='word_1_141' title='bbox 251 1705 353 1782; x_wconf 91' lang='lat' dir='ltr'><strong>qui</strong></span> <span class='ocrx_word' id='word_1_142' title='bbox 401 1702 758 1762; x_wconf 89' lang='lat' dir='ltr'><strong>constitutas</strong></span> <span class='ocrx_word' id='word_1_143' title='bbox 805 1701 1052 1780; x_wconf 87' lang='lat' dir='ltr'><strong>accepit,</strong></span> <span class='ocrx_word' id='word_1_144' title='bbox 1099 1707 1299 1779; x_wconf 84' lang='lat' dir='ltr'><strong>captas</strong></span> <span class='ocrx_word' id='word_1_145' title='bbox 1347 1699 1559 1779; x_wconf 85' lang='lat' dir='ltr'><strong>dicetis</strong></span> <span class='ocrx_word' id='word_1_146' title='bbox 1607 1696 1971 1780; x_wconf 77' lang='lat' dir='ltr'><strong>Syracusas,</strong></span> 
     </span>
    </p>
   </div>
   <div class='ocr_carea' id='block_1_13' title="bbox 429 1769 2721 1870">
    <p class='ocr_par' dir='ltr' id='par_1_13' title="bbox 429 1769 2721 1870">
     <span class='ocr_line' id='line_1_21' title="bbox 429 1769 2721 1870; baseline 0 -22"><span class='ocrx_word' id='word_1_147' title='bbox 429 1789 588 1868; x_wconf 84' lang='lat' dir='ltr'><strong>Ergo</strong></span> <span class='ocrx_word' id='word_1_148' title='bbox 637 1795 698 1849; x_wconf 89' lang='lat' dir='ltr'><strong>et</strong></span> <span class='ocrx_word' id='word_1_149' title='bbox 743 1788 806 1848; x_wconf 90' lang='lat' dir='ltr'><strong>hi</strong></span> <span class='ocrx_word' id='word_1_150' title='bbox 851 1790 1088 1848; x_wconf 88' lang='lat' dir='ltr'><strong>numeri</strong></span> <span class='ocrx_word' id='word_1_151' title='bbox 1135 1788 1254 1849; x_wconf 90' lang='lat' dir='ltr'><strong>sint</strong></span> <span class='ocrx_word' id='word_1_152' title='bbox 1299 1790 1542 1870; x_wconf 85' lang='lat' dir='ltr'><strong>cogniti,</strong></span> <span class='ocrx_word' id='word_1_153' title='bbox 1590 1797 1653 1850; x_wconf 92' lang='lat' dir='ltr'><strong>et</strong></span> <span class='ocrx_word' id='word_1_154' title='bbox 1696 1807 1885 1868; x_wconf 84' lang='lat' dir='ltr'><strong>genus</strong></span> <span class='ocrx_word' id='word_1_155' title='bbox 1932 1789 2080 1851; x_wconf 85' lang='lat' dir='ltr'><strong>illud</strong></span> <span class='ocrx_word' id='word_1_156' title='bbox 2118 1769 2367 1852; x_wconf 84' lang='lat' dir='ltr'><strong>tertium</strong></span> <span class='ocrx_word' id='word_1_157' title='bbox 2398 1789 2579 1870; x_wconf 88' lang='lat' dir='ltr'><strong>expli·</strong></span> <span class='ocrx_word' id='word_1_158' title='bbox 2617 1795 2721 1844; x_wconf 83' lang='lat'><strong>168</strong></span> 
     </span>
    </p>
   </div>
   <div class='ocr_carea' id='block_1_14' title="bbox 169 1877 2612 2134">
    <p class='ocr_par' dir='ltr' id='par_1_14' title="bbox 169 1877 2612 2134">
     <span class='ocr_line' id='line_1_22' title="bbox 252 1877 2609 1957; baseline -0.001 -16"><span class='ocrx_word' id='word_1_159' title='bbox 252 1888 424 1941; x_wconf 89' lang='lat' dir='ltr'><strong>cetur</strong></span> <span class='ocrx_word' id='word_1_160' title='bbox 472 1877 642 1956; x_wconf 86' lang='lat' dir='ltr'><strong>quale</strong></span> <span class='ocrx_word' id='word_1_161' title='bbox 691 1879 790 1956; x_wconf 88' lang='lat' dir='ltr'><strong>sit,</strong></span> <span class='ocrx_word' id='word_1_162' title='bbox 833 1894 1185 1938; x_wconf 86' lang='lat' dir='ltr'><strong>numerosae</strong></span> <span class='ocrx_word' id='word_1_163' title='bbox 1233 1885 1294 1937; x_wconf 89' lang='lat' dir='ltr'><strong>et</strong></span> <span class='ocrx_word' id='word_1_164' title='bbox 1337 1885 1508 1957; x_wconf 87' lang='lat' dir='ltr'><strong>aptae</strong></span> <span class='ocrx_word' id='word_1_165' title='bbox 1556 1879 1859 1938; x_wconf 77' lang='lat' dir='ltr'><strong>orationis,</strong></span> <span class='ocrx_word' id='word_1_166' title='bbox 1935 1878 2107 1949; x_wconf 85' lang='lat' dir='ltr'><strong>Quod</strong></span> <span class='ocrx_word' id='word_1_167' title='bbox 2155 1880 2260 1956; x_wconf 91' lang='lat' dir='ltr'><strong>qui</strong></span> <span class='ocrx_word' id='word_1_168' title='bbox 2306 1896 2423 1938; x_wconf 91' lang='lat' dir='ltr'><strong>non</strong></span> <span class='ocrx_word' id='word_1_169' title='bbox 2474 1897 2609 1938; x_wconf 91' lang='lat' dir='ltr'><strong>sen·</strong></span> 
     </span>
     <span class='ocr_line' id='line_1_23' title="bbox 169 1964 2610 2048; baseline 0 -22"><span class='ocrx_word' id='word_1_170' title='bbox 169 1987 226 2026; x_wconf 65' lang='grc' dir='ltr'><strong>ιο</strong></span> <span class='ocrx_word' id='word_1_171' title='bbox 251 1971 429 2048; x_wconf 87' lang='lat' dir='ltr'><strong>tiunt,</strong></span> <span class='ocrx_word' id='word_1_172' title='bbox 475 1983 624 2046; x_wconf 87' lang='lat' dir='ltr'><strong>quas</strong></span> <span class='ocrx_word' id='word_1_173' title='bbox 670 1983 846 2026; x_wconf 88' lang='lat' dir='ltr'><strong>aures</strong></span> <span class='ocrx_word' id='word_1_174' title='bbox 891 1964 1149 2026; x_wconf 86' lang='lat' dir='ltr'><strong>habeant</strong></span> <span class='ocrx_word' id='word_1_175' title='bbox 1193 1973 1296 2026; x_wconf 89' lang='lat' dir='ltr'><strong>aut</strong></span> <span class='ocrx_word' id='word_1_176' title='bbox 1342 1965 1488 2045; x_wconf 87' lang='lat' dir='ltr'><strong>quid</strong></span> <span class='ocrx_word' id='word_1_177' title='bbox 1531 1967 1595 2026; x_wconf 86' lang='lat' dir='ltr'><strong>in</strong></span> <span class='ocrx_word' id='word_1_178' title='bbox 1642 1968 1727 2027; x_wconf 89' lang='lat' dir='ltr'><strong>eis</strong></span> <span class='ocrx_word' id='word_1_179' title='bbox 1764 1965 2021 2027; x_wconf 88' lang='lat' dir='ltr'><strong>hominis</strong></span> <span class='ocrx_word' id='word_1_180' title='bbox 2058 1966 2249 2026; x_wconf 90' lang='lat' dir='ltr'><strong>simile</strong></span> <span class='ocrx_word' id='word_1_181' title='bbox 2280 1968 2358 2026; x_wconf 91' lang='lat' dir='ltr'><strong>sit</strong></span> <span class='ocrx_word' id='word_1_182' title='bbox 2386 1968 2610 2026; x_wconf 90' lang='lat' dir='ltr'><strong>nescio.</strong></span> 
     </span>
     <span class='ocr_line' id='line_1_24' title="bbox 252 2053 2612 2134; baseline -0.001 -17"><span class='ocrx_word' id='word_1_183' title='bbox 252 2057 416 2118; x_wconf 82' lang='lat' dir='ltr'><strong>Meae</strong></span> <span class='ocrx_word' id='word_1_184' title='bbox 465 2055 706 2134; x_wconf 90' lang='lat' dir='ltr'><strong>quidem</strong></span> <span class='ocrx_word' id='word_1_185' title='bbox 753 2061 816 2114; x_wconf 88' lang='lat' dir='ltr'><strong>et</strong></span> <span class='ocrx_word' id='word_1_186' title='bbox 874 2053 1142 2134; x_wconf 81' lang='lat' dir='ltr'><strong>perfecto</strong></span> <span class='ocrx_word' id='word_1_187' title='bbox 1204 2053 1618 2133; x_wconf 77' lang='lat' dir='ltr'><strong>completoque</strong></span> <span class='ocrx_word' id='word_1_188' title='bbox 1682 2053 2003 2114; x_wconf 86' lang='lat' dir='ltr'><strong>verborum</strong></span> <span class='ocrx_word' id='word_1_189' title='bbox 2062 2053 2287 2115; x_wconf 89' lang='lat' dir='ltr'><strong>ambitu</strong></span> <span class='ocrx_word' id='word_1_190' title='bbox 2349 2054 2612 2132; x_wconf 87' lang='lat' dir='ltr'><strong>gaudent</strong></span> 
     </span>
    </p>
   </div>
   <div class='ocr_carea' id='block_1_15' title="bbox 251 2142 1708 2207">
    <p class='ocr_par' dir='ltr' id='par_1_15' title="bbox 251 2142 1708 2207">
     <span class='ocr_line' id='line_1_25' title="bbox 251 2142 1708 2207; baseline -0.003 0"><span class='ocrx_word' id='word_1_191' title='bbox 251 2153 315 2207; x_wconf 92' lang='lat' dir='ltr'><strong>et</strong></span> <span class='ocrx_word' id='word_1_192' title='bbox 359 2151 532 2206; x_wconf 86' lang='lat' dir='ltr'><strong>curta</strong></span> <span class='ocrx_word' id='word_1_193' title='bbox 579 2145 848 2206; x_wconf 89' lang='lat' dir='ltr'><strong>sentiunt</strong></span> <span class='ocrx_word' id='word_1_194' title='bbox 893 2161 1003 2204; x_wconf 89' lang='lat' dir='ltr'><strong>nec</strong></span> <span class='ocrx_word' id='word_1_195' title='bbox 1052 2150 1250 2203; x_wconf 83' lang='lat' dir='ltr'><strong>amant</strong></span> <span class='ocrx_word' id='word_1_196' title='bbox 1295 2142 1708 2203; x_wconf 87' lang='lat' dir='ltr'><strong>redundantia.</strong></span> 
     </span>
    </p>
   </div>
   <div class='ocr_carea' id='block_1_16' title="bbox 1811 2139 2609 2214">
    <p class='ocr_par' dir='ltr' id='par_1_16' title="bbox 1811 2139 2609 2214">
     <span class='ocr_line' id='line_1_26' title="bbox 1811 2139 2609 2214; baseline -0.001 -11"><span class='ocrx_word' id='word_1_197' title='bbox 1811 2142 1966 2214; x_wconf 87' lang='lat' dir='ltr'><strong>Quid</strong></span> <span class='ocrx_word' id='word_1_198' title='bbox 2014 2143 2146 2202; x_wconf 89' lang='lat' dir='ltr'><strong>dico</strong></span> <span class='ocrx_word' id='word_1_199' title='bbox 2196 2139 2403 2204; x_wconf 82' lang='lat' dir='ltr'><strong>meas?</strong></span> <span class='ocrx_word' id='word_1_200' title='bbox 2468 2161 2609 2202; x_wconf 88' lang='lat' dir='ltr'><strong>con-</strong></span> 
     </span>
    </p>
   </div>
   <div class='ocr_carea' id='block_1_17' title="bbox 250 2230 2611 2312">
    <p class='ocr_par' dir='ltr' id='par_1_17' title="bbox 250 2230 2611 2312">
     <span class='ocr_line' id='line_1_27' title="bbox 250 2230 2611 2312; baseline -0.001 -17"><span class='ocrx_word' id='word_1_201' title='bbox 250 2237 446 2296; x_wconf 88' lang='lat' dir='ltr'><strong>tiones</strong></span> <span class='ocrx_word' id='word_1_202' title='bbox 475 2238 670 2312; x_wconf 68' lang='lat' dir='ltr'><strong>‘saepe</strong></span> <span class='ocrx_word' id='word_1_203' title='bbox 717 2231 1045 2292; x_wconf 85' lang='lat' dir='ltr'><strong>exclamare</strong></span> <span class='ocrx_word' id='word_1_204' title='bbox 1095 2230 1230 2312; x_wconf 83' lang='lat' dir='ltr'><strong>vidi,</strong></span> <span class='ocrx_word' id='word_1_205' title='bbox 1277 2249 1415 2292; x_wconf 89' lang='lat' dir='ltr'><strong>cum</strong></span> <span class='ocrx_word' id='word_1_206' title='bbox 1461 2238 1595 2310; x_wconf 88' lang='lat' dir='ltr'><strong>apte</strong></span> <span class='ocrx_word' id='word_1_207' title='bbox 1641 2230 1823 2292; x_wconf 80' lang='lat' dir='ltr'><strong>verba</strong></span> <span class='ocrx_word' id='word_1_208' title='bbox 1869 2231 2243 2292; x_wconf 87' lang='lat' dir='ltr'><strong>cecidissent.</strong></span> <span class='ocrx_word' id='word_1_209' title='bbox 2333 2230 2398 2292; x_wconf 89' lang='lat' dir='ltr'><strong>Id</strong></span> <span class='ocrx_word' id='word_1_210' title='bbox 2448 2233 2611 2294; x_wconf 88' lang='lat' dir='ltr'><strong>enim</strong></span> 
     </span>
    </p>
   </div>
   <div class='ocr_carea' id='block_1_18' title="bbox 323 2384 1386 2456">
    <p class='ocr_par' dir='ltr' id='par_1_18' title="bbox 323 2384 1386 2456">
     <span class='ocr_line' id='line_1_28' title="bbox 323 2384 1386 2456; baseline -0.002 -13"><span class='ocrx_word' id='word_1_211' title='bbox 323 2396 375 2443; x_wconf 82' lang='lat'><strong>6.</strong></span> <span class='ocrx_word' id='word_1_212' title='bbox 403 2390 530 2456; x_wconf 77' lang='lat' dir='ltr'><strong>ipsa</strong></span> <span class='ocrx_word' id='word_1_213' title='bbox 556 2386 684 2454; x_wconf 76' lang='lat' dir='ltr'><strong>(wie</strong></span> <span class='ocrx_word' id='word_1_214' title='bbox 711 2386 902 2451; x_wconf 77' lang='lat' dir='ltr'><strong>oben§</strong></span> <span class='ocrx_word' id='word_1_215' title='bbox 934 2387 1056 2455; x_wconf 87' lang='grc'><strong>164)</strong></span> <span class='ocrx_word' id='word_1_216' title='bbox 1085 2384 1177 2439; x_wconf 87' lang='lat' dir='ltr'><strong>die</strong></span> <span class='ocrx_word' id='word_1_217' title='bbox 1203 2384 1386 2441; x_wconf 84' lang='lat' dir='ltr'><strong>blosse</strong></span> 
     </span>
    </p>
   </div>
   <div class='ocr_carea' id='block_1_19' title="bbox 246 2444 1382 2541">
    <p class='ocr_par' dir='ltr' id='par_1_19' title="bbox 246 2444 1382 2541">
     <span class='ocr_line' id='line_1_29' title="bbox 246 2444 1382 2541; baseline -0.004 -26"><span class='ocrx_word' id='word_1_218' title='bbox 246 2456 1103 2541; x_wconf 75' lang='lat' dir='ltr'><strong>Gegeneinanderflberstellung</strong></span> <span class='ocrx_word' id='word_1_219' title='bbox 1133 2444 1240 2511; x_wconf 88' lang='lat' dir='ltr'><strong>der</strong></span> <span class='ocrx_word' id='word_1_220' title='bbox 1276 2456 1382 2511; x_wconf 85' lang='lat' dir='ltr'><strong>Ge·</strong></span> 
     </span>
    </p>
   </div>
   <div class='ocr_carea' id='block_1_20' title="bbox 1491 2384 2611 2513">
    <p class='ocr_par' dir='ltr' id='par_1_20' title="bbox 1491 2384 2611 2513">
     <span class='ocr_line' id='line_1_30' title="bbox 1569 2384 2611 2442; baseline 0.003 -4"><span class='ocrx_word' id='word_1_221' title='bbox 1569 2390 1654 2439; x_wconf 90' lang='lat'><strong>18.</strong></span> <span class='ocrx_word' id='word_1_222' title='bbox 1703 2386 1764 2441; x_wconf 74' lang='lat' dir='ltr'><strong>hi</strong></span> <span class='ocrx_word' id='word_1_223' title='bbox 1813 2384 1902 2440; x_wconf 88' lang='lat' dir='ltr'><strong>die</strong></span> <span class='ocrx_word' id='word_1_224' title='bbox 1940 2386 2084 2440; x_wconf 83' lang='lat' dir='ltr'><strong>eben</strong></span> <span class='ocrx_word' id='word_1_225' title='bbox 2120 2386 2469 2442; x_wconf 65' lang='lat' dir='ltr'><strong>erwahnten.</strong></span> <span class='ocrx_word' id='word_1_226' title='bbox 2519 2385 2611 2441; x_wconf 86' lang='lat' dir='ltr'><strong>die</strong></span> 
     </span>
     <span class='ocr_line' id='line_1_31' title="bbox 1491 2455 2609 2513; baseline 0.002 -4"><span class='ocrx_word' id='word_1_227' title='bbox 1491 2456 1595 2511; x_wconf 79' lang='lat' dir='ltr'><strong>auf</strong></span> <span class='ocrx_word' id='word_1_228' title='bbox 1625 2456 1726 2511; x_wconf 83' lang='lat' dir='ltr'><strong>der</strong></span> <span class='ocrx_word' id='word_1_229' title='bbox 1762 2455 2118 2511; x_wconf 65' lang='lat' dir='ltr'><strong>Concinnitat</strong></span> <span class='ocrx_word' id='word_1_230' title='bbox 2161 2456 2262 2512; x_wconf 89' lang='lat' dir='ltr'><strong>der</strong></span> <span class='ocrx_word' id='word_1_231' title='bbox 2297 2458 2492 2513; x_wconf 89' lang='lat' dir='ltr'><strong>Worte</strong></span> <span class='ocrx_word' id='word_1_232' title='bbox 2538 2473 2609 2511; x_wconf 83' lang='lat' dir='ltr'><strong>an</strong></span> 
     </span>
    </p>
   </div>
   <div class='ocr_carea' id='block_1_21' title="bbox 245 2526 2610 2600">
    <p class='ocr_par' dir='ltr' id='par_1_21' title="bbox 245 2526 2610 2600">
     <span class='ocr_line' id='line_1_32' title="bbox 245 2526 2610 2600; baseline -0.003 -13"><span class='ocrx_word' id='word_1_233' title='bbox 245 2532 536 2600; x_wconf 71' lang='lat' dir='ltr'><strong>gensatze.</strong></span> <span class='ocrx_word' id='word_1_234' title='bbox 585 2530 651 2583; x_wconf 76' lang='lat' dir='ltr'><strong>in</strong></span> <span class='ocrx_word' id='word_1_235' title='bbox 690 2529 938 2583; x_wconf 74' lang='lat' dir='ltr'><strong>oratione</strong></span> <span class='ocrx_word' id='word_1_236' title='bbox 973 2527 1034 2581; x_wconf 86' lang='lat' dir='ltr'><strong>in</strong></span> <span class='ocrx_word' id='word_1_237' title='bbox 1078 2526 1178 2582; x_wconf 87' lang='lat' dir='ltr'><strong>der</strong></span> <span class='ocrx_word' id='word_1_238' title='bbox 1208 2527 1382 2583; x_wconf 87' lang='lat' dir='ltr'><strong>Prosa</strong></span> <span class='ocrx_word' id='word_1_239' title='bbox 1490 2526 1611 2582; x_wconf 85' lang='lat' dir='ltr'><strong>sich</strong></span> <span class='ocrx_word' id='word_1_240' title='bbox 1647 2528 1914 2582; x_wconf 83' lang='lat' dir='ltr'><strong>bernhen.</strong></span> <span class='ocrx_word' id='word_1_241' title='bbox 1958 2528 2071 2581; x_wconf 75' lang='lat' dir='ltr'><strong>sint</strong></span> <span class='ocrx_word' id='word_1_242' title='bbox 2112 2533 2338 2582; x_wconf 83' lang='lat'>14.190</span> <span class='ocrx_word' id='word_1_243' title='bbox 2375 2528 2470 2595; x_wconf 85' lang='lat' dir='ltr'><strong>(sit</strong></span> <span class='ocrx_word' id='word_1_244' title='bbox 2503 2526 2610 2597; x_wconf 80' lang='lat' dir='ltr'><strong>igi-</strong></span> 
     </span>
    </p>
   </div>
   <div class='ocr_carea' id='block_1_22' title="bbox 245 2599 1378 3876">
    <p class='ocr_par' dir='ltr' id='par_1_22' title="bbox 250 2599 1183 2666">
     <span class='ocr_line' id='line_1_33' title="bbox 250 2599 1183 2666; baseline -0.007 -9"><span class='ocrx_word' id='word_1_245' title='bbox 250 2608 339 2657; x_wconf 77' lang='grc'><strong>70.</strong></span> <span class='ocrx_word' id='word_1_246' title='bbox 378 2602 450 2656; x_wconf 80' lang='lat' dir='ltr'><strong>de</strong></span> <span class='ocrx_word' id='word_1_247' title='bbox 487 2599 1024 2666; x_wconf 75' lang='lat' dir='ltr'><strong>or.111‚153.174.</strong></span> <span class='ocrx_word' id='word_1_248' title='bbox 1068 2603 1183 2654; x_wconf 85' lang='grc'><strong>192.</strong></span> 
     </span>
    </p>

    <p class='ocr_par' dir='ltr' id='par_1_23' title="bbox 249 2641 1378 3011">
     <span class='ocr_line' id='line_1_34' title="bbox 327 2641 1378 2738; baseline -0.003 -11"><span class='ocrx_word' id='word_1_249' title='bbox 327 2679 376 2727; x_wconf 95' lang='grc'><strong>9.</strong></span> <span class='ocrx_word' id='word_1_250' title='bbox 431 2641 746 2725; x_wconf 68' lang='lat' dir='ltr'><strong>necessita’te</strong></span> <span class='ocrx_word' id='word_1_251' title='bbox 790 2675 896 2725; x_wconf 83' lang='lat'><strong>220</strong></span> <span class='ocrx_word' id='word_1_252' title='bbox 940 2669 1155 2724; x_wconf 86' lang='lat' dir='ltr'><strong>formae</strong></span> <span class='ocrx_word' id='word_1_253' title='bbox 1206 2686 1378 2738; x_wconf 87' lang='lat' dir='ltr'><strong>quae-</strong></span> 
     </span>
     <span class='ocr_line' id='line_1_35' title="bbox 250 2738 1377 2809; baseline -0.002 -12"><span class='ocrx_word' id='word_1_254' title='bbox 250 2744 384 2799; x_wconf 84' lang='lat' dir='ltr'><strong>dam</strong></span> <span class='ocrx_word' id='word_1_255' title='bbox 422 2743 552 2797; x_wconf 77' lang='lat' dir='ltr'><strong>sunt</strong></span> <span class='ocrx_word' id='word_1_256' title='bbox 597 2740 890 2809; x_wconf 84' lang='lat' dir='ltr'><strong>orationis,</strong></span> <span class='ocrx_word' id='word_1_257' title='bbox 941 2740 1002 2794; x_wconf 90' lang='lat' dir='ltr'><strong>in</strong></span> <span class='ocrx_word' id='word_1_258' title='bbox 1051 2738 1253 2809; x_wconf 82' lang='lat' dir='ltr'><strong>quibus</strong></span> <span class='ocrx_word' id='word_1_259' title='bbox 1309 2756 1377 2795; x_wconf 85' lang='lat' dir='ltr'><strong>ea</strong></span> 
     </span>
     <span class='ocr_line' id='line_1_36' title="bbox 249 2812 1378 2881; baseline -0.004 -11"><span class='ocrx_word' id='word_1_260' title='bbox 249 2812 598 2869; x_wconf 79' lang='lat' dir='ltr'><strong>concinnitas</strong></span> <span class='ocrx_word' id='word_1_261' title='bbox 635 2814 745 2879; x_wconf 86' lang='lat' dir='ltr'><strong>est,</strong></span> <span class='ocrx_word' id='word_1_262' title='bbox 782 2814 848 2867; x_wconf 93' lang='lat' dir='ltr'><strong>ut</strong></span> <span class='ocrx_word' id='word_1_263' title='bbox 883 2813 1150 2881; x_wconf 76' lang='lat' dir='ltr'><strong>sequatur</strong></span> <span class='ocrx_word' id='word_1_264' title='bbox 1185 2828 1378 2866; x_wconf 87' lang='lat' dir='ltr'><strong>nume·</strong></span> 
     </span>
     <span class='ocr_line' id='line_1_37' title="bbox 250 2882 1378 2951; baseline -0.004 -12"><span class='ocrx_word' id='word_1_265' title='bbox 250 2903 344 2939; x_wconf 85' lang='lat' dir='ltr'><strong>rus</strong></span> <span class='ocrx_word' id='word_1_266' title='bbox 379 2884 697 2940; x_wconf 75' lang='lat' dir='ltr'><strong>necessario,</strong></span> <span class='ocrx_word' id='word_1_267' title='bbox 745 2912 814 2922; x_wconf 93' lang='lat'><strong>—-</strong></span> <span class='ocrx_word' id='word_1_268' title='bbox 861 2883 988 2951; x_wconf 77' lang='lat' dir='ltr'><strong>ipsa</strong></span> <span class='ocrx_word' id='word_1_269' title='bbox 1025 2897 1099 2936; x_wconf 84' lang='lat' dir='ltr'><strong>an</strong></span> <span class='ocrx_word' id='word_1_270' title='bbox 1136 2882 1253 2935; x_wconf 88' lang='lat' dir='ltr'><strong>und</strong></span> <span class='ocrx_word' id='word_1_271' title='bbox 1289 2882 1378 2936; x_wconf 82' lang='lat' dir='ltr'><strong>fiir</strong></span> 
     </span>
     <span class='ocr_line' id='line_1_38' title="bbox 249 2952 1284 3022; baseline -0.005 -11"><span class='ocrx_word' id='word_1_272' title='bbox 249 2956 391 3022; x_wconf 82' lang='lat' dir='ltr'><strong>sich,</strong></span> <span class='ocrx_word' id='word_1_273' title='bbox 429 2971 541 3010; x_wconf 84' lang='lat' dir='ltr'><strong>von</strong></span> <span class='ocrx_word' id='word_1_274' title='bbox 576 2952 768 3019; x_wconf 83' lang='lat' dir='ltr'><strong>selbst,</strong></span> <span class='ocrx_word' id='word_1_275' title='bbox 805 2954 952 3008; x_wconf 86' lang='lat' dir='ltr'><strong>ohne</strong></span> <span class='ocrx_word' id='word_1_276' title='bbox 991 2952 1230 3007; x_wconf 85' lang='lat' dir='ltr'><strong>Zuthun.</strong></span> <span class='ocrx_word' id='word_1_277' title='bbox 1278 2967 1284 2972; x_wconf 91' lang='grc'><em>·</em></span> 
     </span>
    </p>

    <p class='ocr_par' dir='ltr' id='par_1_24' title="bbox 325 3026 1118 3095">
     <span class='ocr_line' id='line_1_39' title="bbox 325 3026 1118 3095; baseline -0.006 -14"><span class='ocrx_word' id='word_1_278' title='bbox 325 3034 410 3083; x_wconf 89' lang='grc'><strong>12.</strong></span> <span class='ocrx_word' id='word_1_279' title='bbox 446 3027 574 3095; x_wconf 75' lang='lat' dir='ltr'><strong>ipsa</strong></span> <span class='ocrx_word' id='word_1_280' title='bbox 610 3026 959 3080; x_wconf 73' lang='lat' dir='ltr'><strong>concinnitas</strong></span> <span class='ocrx_word' id='word_1_281' title='bbox 996 3029 1118 3080; x_wconf 82' lang='lat'><strong>164.</strong></span> 
     </span>
    </p>

    <p class='ocr_par' dir='ltr' id='par_1_25' title="bbox 245 3094 1376 3651">
     <span class='ocr_line' id='line_1_40' title="bbox 323 3094 1373 3166; baseline -0.004 -14"><span class='ocrx_word' id='word_1_282' title='bbox 323 3104 408 3153; x_wconf 88' lang='grc'><strong>13.</strong></span> <span class='ocrx_word' id='word_1_283' title='bbox 445 3099 510 3151; x_wconf 79' lang='lat' dir='ltr'><strong>in</strong></span> <span class='ocrx_word' id='word_1_284' title='bbox 547 3101 760 3166; x_wconf 67' lang='lat' dir='ltr'><strong>quarm.</strong></span> <span class='ocrx_word' id='word_1_285' title='bbox 797 3096 956 3150; x_wconf 83' lang='lat' dir='ltr'><strong>Verr.</strong></span> <span class='ocrx_word' id='word_1_286' title='bbox 994 3094 1088 3161; x_wconf 95' lang='lat' dir='ltr'><strong>IV,</strong></span> <span class='ocrx_word' id='word_1_287' title='bbox 1130 3099 1248 3162; x_wconf 84' lang='lat'><strong>115,</strong></span> <span class='ocrx_word' id='word_1_288' title='bbox 1287 3111 1373 3149; x_wconf 84' lang='lat' dir='ltr'><strong>wo</strong></span> 
     </span>
     <span class='ocr_line' id='line_1_41' title="bbox 250 3164 1373 3236; baseline -0.006 -11"><span class='ocrx_word' id='word_1_289' title='bbox 250 3170 351 3225; x_wconf 82' lang='lat' dir='ltr'><strong>der</strong></span> <span class='ocrx_word' id='word_1_290' title='bbox 385 3167 661 3223; x_wconf 85' lang='lat' dir='ltr'><strong>Eroberer</strong></span> <span class='ocrx_word' id='word_1_291' title='bbox 696 3183 806 3222; x_wconf 86' lang='lat' dir='ltr'><strong>von</strong></span> <span class='ocrx_word' id='word_1_292' title='bbox 843 3165 948 3236; x_wconf 79' lang='lat' dir='ltr'><strong>Syr</strong></span> <span class='ocrx_word' id='word_1_293' title='bbox 949 3166 1090 3220; x_wconf 80' lang='lat' dir='ltr'><strong>akus</strong></span> <span class='ocrx_word' id='word_1_294' title='bbox 1118 3164 1193 3221; x_wconf 82' lang='lat' dir='ltr'><strong>M.</strong></span> <span class='ocrx_word' id='word_1_295' title='bbox 1225 3165 1373 3219; x_wconf 81' lang='lat' dir='ltr'><strong>Mar-</strong></span> 
     </span>
     <span class='ocr_line' id='line_1_42' title="bbox 245 3234 1372 3305; baseline -0.005 -10"><span class='ocrx_word' id='word_1_296' title='bbox 245 3240 426 3295; x_wconf 86' lang='lat' dir='ltr'><strong>cellus</strong></span> <span class='ocrx_word' id='word_1_297' title='bbox 475 3237 591 3293; x_wconf 89' lang='lat' dir='ltr'><strong>und</strong></span> <span class='ocrx_word' id='word_1_298' title='bbox 639 3237 865 3305; x_wconf 81' lang='lat' dir='ltr'><strong>Verres,</strong></span> <span class='ocrx_word' id='word_1_299' title='bbox 917 3237 1016 3291; x_wconf 83' lang='lat' dir='ltr'><strong>der</strong></span> <span class='ocrx_word' id='word_1_300' title='bbox 1065 3234 1372 3292; x_wconf 73' lang='lat' dir='ltr'><strong>Plflnderer</strong></span> 
     </span>
     <span class='ocr_line' id='line_1_43' title="bbox 249 3307 1373 3379; baseline -0.006 -11"><span class='ocrx_word' id='word_1_301' title='bbox 249 3329 362 3367; x_wconf 75' lang='lat' dir='ltr'><strong>von</strong></span> <span class='ocrx_word' id='word_1_302' title='bbox 392 3308 654 3379; x_wconf 67' lang='lat' dir='ltr'><strong>smirne,</strong></span> <span class='ocrx_word' id='word_1_303' title='bbox 693 3307 959 3363; x_wconf 79' lang='lat' dir='ltr'><strong>einander</strong></span> <span class='ocrx_word' id='word_1_304' title='bbox 995 3308 1373 3377; x_wconf 78' lang='lat' dir='ltr'><strong>entgegenge·</strong></span> 
     </span>
     <span class='ocr_line' id='line_1_44' title="bbox 249 3375 1372 3447; baseline -0.005 -10"><span class='ocrx_word' id='word_1_305' title='bbox 249 3382 410 3439; x_wconf 86' lang='lat' dir='ltr'><strong>stellt</strong></span> <span class='ocrx_word' id='word_1_306' title='bbox 460 3380 709 3445; x_wconf 75' lang='lat' dir='ltr'><strong>werden:</strong></span> <span class='ocrx_word' id='word_1_307' title='bbox 765 3380 1002 3447; x_wconf 71' lang='lat' dir='ltr'><strong>conferte</strong></span> <span class='ocrx_word' id='word_1_308' title='bbox 1041 3382 1161 3433; x_wconf 80' lang='lat'><strong>159.</strong></span> <span class='ocrx_word' id='word_1_309' title='bbox 1213 3375 1372 3433; x_wconf 82' lang='lat' dir='ltr'><strong>Verr.</strong></span> 
     </span>
     <span class='ocr_line' id='line_1_45' title="bbox 246 3448 1373 3522; baseline -0.005 -14"><span class='ocrx_word' id='word_1_310' title='bbox 246 3454 322 3522; x_wconf 89' lang='lat' dir='ltr'><strong>V,</strong></span> <span class='ocrx_word' id='word_1_311' title='bbox 357 3458 456 3519; x_wconf 90' lang='grc'><strong>23,</strong></span> <span class='ocrx_word' id='word_1_312' title='bbox 523 3467 584 3505; x_wconf 86' lang='lat' dir='ltr'><strong>so</strong></span> <span class='ocrx_word' id='word_1_313' title='bbox 631 3450 832 3505; x_wconf 78' lang='lat' dir='ltr'><strong>immet</strong></span> <span class='ocrx_word' id='word_1_314' title='bbox 877 3467 1015 3519; x_wconf 80' lang='lat' dir='ltr'><strong>asyn</strong></span> <span class='ocrx_word' id='word_1_315' title='bbox 1017 3448 1236 3503; x_wconf 85' lang='lat' dir='ltr'><strong>detisch</strong></span> <span class='ocrx_word' id='word_1_316' title='bbox 1281 3448 1373 3515; x_wconf 87' lang='lat' dir='ltr'><strong>da,</strong></span> 
     </span>
     <span class='ocr_line' id='line_1_46' title="bbox 246 3518 1376 3591; baseline -0.005 -12"><span class='ocrx_word' id='word_1_317' title='bbox 246 3542 339 3579; x_wconf 72' lang='lat' dir='ltr'><strong>wo</strong></span> <span class='ocrx_word' id='word_1_318' title='bbox 393 3524 496 3577; x_wconf 88' lang='lat' dir='ltr'><strong>der</strong></span> <span class='ocrx_word' id='word_1_319' title='bbox 544 3522 628 3575; x_wconf 90' lang='lat' dir='ltr'><strong>Im</strong></span> <span class='ocrx_word' id='word_1_320' title='bbox 631 3521 852 3591; x_wconf 82' lang='lat' dir='ltr'><strong>perativ</strong></span> <span class='ocrx_word' id='word_1_321' title='bbox 902 3520 994 3575; x_wconf 89' lang='lat' dir='ltr'><strong>die</strong></span> <span class='ocrx_word' id='word_1_322' title='bbox 1050 3518 1224 3575; x_wconf 85' lang='lat' dir='ltr'><strong>Stelle</strong></span> <span class='ocrx_word' id='word_1_323' title='bbox 1274 3520 1376 3574; x_wconf 87' lang='lat' dir='ltr'><strong>der</strong></span> 
     </span>
     <span class='ocr_line' id='line_1_47' title="bbox 252 3591 1371 3651; baseline -0.006 1"><span class='ocrx_word' id='word_1_324' title='bbox 252 3593 498 3651; x_wconf 82' lang='lat' dir='ltr'><strong>Protasis</strong></span> <span class='ocrx_word' id='word_1_325' title='bbox 522 3592 675 3647; x_wconf 86' lang='lat' dir='ltr'><strong>eines</strong></span> <span class='ocrx_word' id='word_1_326' title='bbox 693 3591 1226 3648; x_wconf 85' lang='lat' dir='ltr'><strong>Conditionalsatzes</strong></span> <span class='ocrx_word' id='word_1_327' title='bbox 1252 3607 1371 3646; x_wconf 84' lang='lat' dir='ltr'><strong>ver-</strong></span> 
     </span>
    </p>

    <p class='ocr_par' dir='ltr' id='par_1_26' title="bbox 325 3732 1375 3803">
     <span class='ocr_line' id='line_1_48' title="bbox 325 3732 1375 3803; baseline -0.007 -11"><span class='ocrx_word' id='word_1_328' title='bbox 325 3743 410 3792; x_wconf 90' lang='grc'><strong>17.</strong></span> <span class='ocrx_word' id='word_1_329' title='bbox 450 3735 778 3791; x_wconf 75' lang='lat' dir='ltr'><strong>constitutas</strong></span> <span class='ocrx_word' id='word_1_330' title='bbox 811 3733 1122 3803; x_wconf 62' lang='lat' dir='ltr'><strong>pragnant.</strong></span> <span class='ocrx_word' id='word_1_331' title='bbox 1168 3732 1229 3786; x_wconf 88' lang='lat' dir='ltr'><strong>in</strong></span> <span class='ocrx_word' id='word_1_332' title='bbox 1273 3750 1375 3802; x_wconf 85' lang='lat' dir='ltr'><strong>gu-</strong></span> 
     </span>
    </p>

    <p class='ocr_par' dir='ltr' id='par_1_27' title="bbox 246 3802 1373 3876">
     <span class='ocr_line' id='line_1_49' title="bbox 246 3802 1373 3876; baseline -0.005 -13"><span class='ocrx_word' id='word_1_333' title='bbox 246 3810 357 3875; x_wconf 81' lang='lat' dir='ltr'><strong>ter,</strong></span> <span class='ocrx_word' id='word_1_334' title='bbox 392 3804 840 3876; x_wconf 79' lang='lat' dir='ltr'><strong>wolgeordneter</strong></span> <span class='ocrx_word' id='word_1_335' title='bbox 852 3802 1194 3873; x_wconf 83' lang='lat' dir='ltr'><strong>Verfassung</strong></span> <span class='ocrx_word' id='word_1_336' title='bbox 1217 3802 1373 3858; x_wconf 84' lang='lat' dir='ltr'><strong>Verr.</strong></span> 
     </span>
    </p>
   </div>
   <div class='ocr_carea' id='block_1_23' title="bbox 249 3879 411 3948">
    <p class='ocr_par' dir='ltr' id='par_1_28' title="bbox 249 3879 411 3948">
     <span class='ocr_line' id='line_1_50' title="bbox 249 3879 411 3948; baseline -0.021 -14"><span class='ocrx_word' id='word_1_337' title='bbox 249 3879 411 3948; x_wconf 85' lang='lat' dir='ltr'><strong>V‚8.</strong></span> 
     </span>
    </p>
   </div>
   <div class='ocr_carea' id='block_1_24' title="bbox 244 3978 1376 4340">
    <p class='ocr_par' dir='ltr' id='par_1_29' title="bbox 244 3978 1376 4340">
     <span class='ocr_line' id='line_1_51' title="bbox 322 3978 1376 4054; baseline -0.007 -13"><span class='ocrx_word' id='word_1_338' title='bbox 322 3988 371 4054; x_wconf 90' lang='lat' dir='ltr'><strong>c)</strong></span> <span class='ocrx_word' id='word_1_339' title='bbox 420 3999 534 4040; x_wconf 79' lang='lat' dir='ltr'><strong>von</strong></span> <span class='ocrx_word' id='word_1_340' title='bbox 585 3982 688 4036; x_wconf 86' lang='lat' dir='ltr'><strong>der</strong></span> <span class='ocrx_word' id='word_1_341' title='bbox 732 3980 991 4051; x_wconf 81' lang='lat' dir='ltr'><strong>Stellung</strong></span> <span class='ocrx_word' id='word_1_342' title='bbox 1035 3980 1135 4035; x_wconf 89' lang='lat' dir='ltr'><strong>der</strong></span> <span class='ocrx_word' id='word_1_343' title='bbox 1187 3978 1376 4034; x_wconf 76' lang='lat' dir='ltr'><strong>Worte</strong></span> 
     </span>
     <span class='ocr_line' id='line_1_52' title="bbox 247 4050 1376 4118; baseline -0.006 -7"><span class='ocrx_word' id='word_1_344' title='bbox 247 4057 398 4118; x_wconf 77' lang='lat' dir='ltr'><strong>nach</strong></span> <span class='ocrx_word' id='word_1_345' title='bbox 461 4055 573 4109; x_wconf 87' lang='lat' dir='ltr'><strong>den</strong></span> <span class='ocrx_word' id='word_1_346' title='bbox 640 4051 913 4106; x_wconf 79' lang='lat' dir='ltr'><strong>Gesetzen</strong></span> <span class='ocrx_word' id='word_1_347' title='bbox 976 4051 1074 4105; x_wconf 87' lang='lat' dir='ltr'><strong>des</strong></span> <span class='ocrx_word' id='word_1_348' title='bbox 1137 4050 1376 4105; x_wconf 84' lang='lat' dir='ltr'><strong>kunst-</strong></span> 
     </span>
     <span class='ocr_line' id='line_1_53' title="bbox 247 4121 1375 4208; baseline -0.007 -25"><span class='ocrx_word' id='word_1_349' title='bbox 247 4126 599 4208; x_wconf 67' lang='lat' dir='ltr'><strong>massigen</strong></span> <span class='ocrx_word' id='word_1_350' title='bbox 627 4121 1375 4191; x_wconf 80' lang='lat' dir='ltr'><strong>oratorischenRhyth·</strong></span> 
     </span>
     <span class='ocr_line' id='line_1_54' title="bbox 253 4193 1376 4267; baseline -0.006 -14"><span class='ocrx_word' id='word_1_351' title='bbox 253 4216 394 4253; x_wconf 85' lang='lat' dir='ltr'><strong>mus</strong></span> <span class='ocrx_word' id='word_1_352' title='bbox 432 4195 638 4267; x_wconf 83' lang='lat' dir='ltr'><strong>(oratio</strong></span> <span class='ocrx_word' id='word_1_353' title='bbox 653 4195 986 4263; x_wconf 83' lang='lat' dir='ltr'><strong>numerosa).</strong></span> <span class='ocrx_word' id='word_1_354' title='bbox 1031 4193 1376 4247; x_wconf 76' lang='lat' dir='ltr'><strong>Prooemium</strong></span> 
     </span>
     <span class='ocr_line' id='line_1_55' title="bbox 244 4262 1374 4340; baseline -0.006 -14"><span class='ocrx_word' id='word_1_355' title='bbox 244 4272 342 4340; x_wconf 78' lang='lat' dir='ltr'><strong>(zu</strong></span> <span class='ocrx_word' id='word_1_356' title='bbox 377 4269 594 4324; x_wconf 81' lang='lat' dir='ltr'><strong>diesem</strong></span> <span class='ocrx_word' id='word_1_357' title='bbox 628 4264 924 4333; x_wconf 85' lang='lat' dir='ltr'><strong>Hauptteil</strong></span> <span class='ocrx_word' id='word_1_358' title='bbox 968 4264 1067 4319; x_wconf 84' lang='lat' dir='ltr'><strong>der</strong></span> <span class='ocrx_word' id='word_1_359' title='bbox 1111 4262 1374 4334; x_wconf 77' lang='lat' dir='ltr'><strong>elocutio)</strong></span> 
     </span>
    </p>
   </div>
   <div class='ocr_carea' id='block_1_25' title="bbox 243 4343 626 4408">
    <p class='ocr_par' dir='ltr' id='par_1_30' title="bbox 243 4343 626 4408">
     <span class='ocr_line' id='line_1_56' title="bbox 243 4343 626 4408; baseline -0.011 -13"><span class='ocrx_word' id='word_1_360' title='bbox 243 4348 283 4408; x_wconf 62' lang='grc' dir='ltr'><strong>ς,</strong></span> <span class='ocrx_word' id='word_1_361' title='bbox 323 4343 626 4397; x_wconf 82' lang='lat'><strong>168—173.</strong></span> 
     </span>
    </p>
   </div>
   <div class='ocr_carea' id='block_1_26' title="bbox 1479 2590 2610 4441">
    <p class='ocr_par' dir='ltr' id='par_1_31' title="bbox 1486 2590 2610 2723">
     <span class='ocr_line' id='line_1_57' title="bbox 1489 2590 2610 2669; baseline 0.002 -18"><span class='ocrx_word' id='word_1_362' title='bbox 1489 2600 1582 2651; x_wconf 83' lang='lat' dir='ltr'><strong>tur</strong></span> <span class='ocrx_word' id='word_1_363' title='bbox 1618 2598 1724 2653; x_wconf 86' lang='lat' dir='ltr'><strong>hoc</strong></span> <span class='ocrx_word' id='word_1_364' title='bbox 1761 2590 2095 2669; x_wconf 83' lang='lat' dir='ltr'><strong>cognitum),</strong></span> <span class='ocrx_word' id='word_1_365' title='bbox 2146 2604 2276 2665; x_wconf 89' lang='grc'><strong>196,</strong></span> <span class='ocrx_word' id='word_1_366' title='bbox 2325 2599 2471 2653; x_wconf 67' lang='lat' dir='ltr'><strong>»alud</strong></span> <span class='ocrx_word' id='word_1_367' title='bbox 2506 2604 2610 2653; x_wconf 81' lang='lat' dir='ltr'><strong>ter·</strong></span> 
     </span>
     <span class='ocr_line' id='line_1_58' title="bbox 1486 2670 1788 2723; baseline 0.007 -2"><span class='ocrx_word' id='word_1_368' title='bbox 1486 2670 1627 2722; x_wconf 80' lang='lat' dir='ltr'><strong>tium</strong></span> <span class='ocrx_word' id='word_1_369' title='bbox 1667 2674 1788 2723; x_wconf 76' lang='lat'><strong>149.</strong></span> 
     </span>
    </p>

    <p class='ocr_par' dir='ltr' id='par_1_32' title="bbox 1560 2738 2609 2810">
     <span class='ocr_line' id='line_1_59' title="bbox 1560 2738 2609 2810; baseline 0 -17"><span class='ocrx_word' id='word_1_370' title='bbox 1560 2745 1645 2794; x_wconf 91' lang='grc'><strong>19.</strong></span> <span class='ocrx_word' id='word_1_371' title='bbox 1690 2744 1853 2805; x_wconf 82' lang='lat' dir='ltr'><strong>aptae</strong></span> <span class='ocrx_word' id='word_1_372' title='bbox 1894 2738 2214 2809; x_wconf 86' lang='lat' dir='ltr'><strong>periodisch</strong></span> <span class='ocrx_word' id='word_1_373' title='bbox 2249 2739 2609 2810; x_wconf 82' lang='lat' dir='ltr'><strong>geschlossen</strong></span> 
     </span>
    </p>

    <p class='ocr_par' dir='ltr' id='par_1_33' title="bbox 1479 2880 2609 3446">
     <span class='ocr_line' id='line_1_60' title="bbox 1559 2880 2609 2936; baseline 0 -1"><span class='ocrx_word' id='word_1_374' title='bbox 1559 2886 1643 2935; x_wconf 88' lang='grc'><strong>20.</strong></span> <span class='ocrx_word' id='word_1_375' title='bbox 1690 2882 1929 2935; x_wconf 76' lang='lat' dir='ltr'><strong>hominia</strong></span> <span class='ocrx_word' id='word_1_376' title='bbox 1973 2881 2151 2935; x_wconf 79' lang='lat' dir='ltr'><strong>simile</strong></span> <span class='ocrx_word' id='word_1_377' title='bbox 2199 2880 2306 2936; x_wconf 79' lang='lat' dir='ltr'><strong>wie</strong></span> <span class='ocrx_word' id='word_1_378' title='bbox 2360 2881 2609 2936; x_wconf 77' lang='lat' dir='ltr'><strong>hernach</strong></span> 
     </span>
     <span class='ocr_line' id='line_1_61' title="bbox 1488 2951 2606 3013; baseline 0 -8"><span class='ocrx_word' id='word_1_379' title='bbox 1488 2958 1590 3007; x_wconf 85' lang='grc'><strong>172</strong></span> <span class='ocrx_word' id='word_1_380' title='bbox 1627 2969 1791 3008; x_wconf 86' lang='lat' dir='ltr'><strong>aures</strong></span> <span class='ocrx_word' id='word_1_381' title='bbox 1825 2951 2163 3007; x_wconf 85' lang='lat' dir='ltr'><strong>inhumanas</strong></span> <span class='ocrx_word' id='word_1_382' title='bbox 2187 2952 2404 3013; x_wconf 80' lang='lat' dir='ltr'><strong>habent</strong></span> <span class='ocrx_word' id='word_1_383' title='bbox 2429 2953 2498 3007; x_wconf 88' lang='lat' dir='ltr'><strong>de</strong></span> <span class='ocrx_word' id='word_1_384' title='bbox 2528 2969 2606 3007; x_wconf 88' lang='lat' dir='ltr'><strong>or.</strong></span> 
     </span>
     <span class='ocr_line' id='line_1_62' title="bbox 1483 3022 2608 3092; baseline 0.002 -17"><span class='ocrx_word' id='word_1_385' title='bbox 1483 3022 1580 3092; x_wconf 90' lang='lat'><strong>111,</strong></span> <span class='ocrx_word' id='word_1_386' title='bbox 1609 3029 1709 3079; x_wconf 85' lang='lat'><strong>195</strong></span> <span class='ocrx_word' id='word_1_387' title='bbox 1747 3024 1903 3092; x_wconf 84' lang='lat' dir='ltr'><strong>quod</strong></span> <span class='ocrx_word' id='word_1_388' title='bbox 1937 3040 2005 3078; x_wconf 84' lang='lat' dir='ltr'><strong>ea</strong></span> <span class='ocrx_word' id='word_1_389' title='bbox 2040 3025 2172 3077; x_wconf 82' lang='lat' dir='ltr'><strong>sunt</strong></span> <span class='ocrx_word' id='word_1_390' title='bbox 2204 3023 2266 3079; x_wconf 85' lang='lat' dir='ltr'><strong>in</strong></span> <span class='ocrx_word' id='word_1_391' title='bbox 2304 3023 2608 3078; x_wconf 86' lang='lat' dir='ltr'><strong>communi·</strong></span> 
     </span>
     <span class='ocr_line' id='line_1_63' title="bbox 1483 3093 2606 3150; baseline 0 -1"><span class='ocrx_word' id='word_1_392' title='bbox 1483 3093 1587 3149; x_wconf 87' lang='lat' dir='ltr'><strong>bus</strong></span> <span class='ocrx_word' id='word_1_393' title='bbox 1623 3094 1795 3149; x_wconf 86' lang='lat' dir='ltr'><strong>infixa</strong></span> <span class='ocrx_word' id='word_1_394' title='bbox 1830 3093 2086 3149; x_wconf 79' lang='lat' dir='ltr'><strong>sensibus</strong></span> <span class='ocrx_word' id='word_1_395' title='bbox 2133 3111 2235 3149; x_wconf 89' lang='lat' dir='ltr'><strong>nec</strong></span> <span class='ocrx_word' id='word_1_396' title='bbox 2284 3111 2476 3150; x_wconf 84' lang='lat' dir='ltr'><strong>earum</strong></span> <span class='ocrx_word' id='word_1_397' title='bbox 2524 3110 2606 3149; x_wconf 85' lang='lat' dir='ltr'><strong>re·</strong></span> 
     </span>
     <span class='ocr_line' id='line_1_64' title="bbox 1482 3165 2609 3235; baseline -0.001 -16"><span class='ocrx_word' id='word_1_398' title='bbox 1482 3182 1606 3219; x_wconf 87' lang='lat' dir='ltr'><strong>rum</strong></span> <span class='ocrx_word' id='word_1_399' title='bbox 1670 3182 2012 3235; x_wconf 83' lang='lat' dir='ltr'><strong>quemquam</strong></span> <span class='ocrx_word' id='word_1_400' title='bbox 2076 3165 2329 3220; x_wconf 77' lang='lat' dir='ltr'><strong>funditus</strong></span> <span class='ocrx_word' id='word_1_401' title='bbox 2403 3166 2609 3221; x_wconf 80' lang='lat' dir='ltr'><strong>natura.</strong></span> 
     </span>
     <span class='ocr_line' id='line_1_65' title="bbox 1482 3235 2609 3306; baseline 0 -16"><span class='ocrx_word' id='word_1_402' title='bbox 1482 3250 1601 3290; x_wconf 87' lang='lat' dir='ltr'><strong>esse</strong></span> <span class='ocrx_word' id='word_1_403' title='bbox 1638 3236 1819 3291; x_wconf 84' lang='lat' dir='ltr'><strong>voluit</strong></span> <span class='ocrx_word' id='word_1_404' title='bbox 1855 3238 2312 3306; x_wconf 73' lang='lat' dir='ltr'><strong>expertem319&#39;1</strong></span> <span class='ocrx_word' id='word_1_405' title='bbox 2351 3235 2496 3291; x_wconf 83' lang='lat' dir='ltr'><strong>nihil</strong></span> <span class='ocrx_word' id='word_1_406' title='bbox 2520 3240 2609 3291; x_wconf 86' lang='lat' dir='ltr'><strong>est</strong></span> 
     </span>
     <span class='ocr_line' id='line_1_66' title="bbox 1479 3306 2606 3390; baseline 0 -29"><span class='ocrx_word' id='word_1_407' title='bbox 1479 3308 1602 3361; x_wconf 83' lang='lat' dir='ltr'><strong>tam</strong></span> <span class='ocrx_word' id='word_1_408' title='bbox 1664 3309 1970 3390; x_wconf 82' lang='lat' dir='ltr'><strong>cognatum</strong></span> <span class='ocrx_word' id='word_1_409' title='bbox 2041 3306 2323 3363; x_wconf 87' lang='lat' dir='ltr'><strong>mentibus</strong></span> <span class='ocrx_word' id='word_1_410' title='bbox 2396 3306 2606 3363; x_wconf 84' lang='lat' dir='ltr'><strong>nostris</strong></span> 
     </span>
     <span class='ocr_line' id='line_1_67' title="bbox 1482 3375 2221 3446; baseline 0.003 -15"><span class='ocrx_word' id='word_1_411' title='bbox 1482 3394 1651 3446; x_wconf 87' lang='lat' dir='ltr'><strong>quam</strong></span> <span class='ocrx_word' id='word_1_412' title='bbox 1687 3375 1906 3433; x_wconf 87' lang='lat' dir='ltr'><strong>numeri</strong></span> <span class='ocrx_word' id='word_1_413' title='bbox 1943 3378 2003 3432; x_wconf 75' lang='lat' dir='ltr'><strong>et</strong></span> <span class='ocrx_word' id='word_1_414' title='bbox 2036 3394 2221 3436; x_wconf 84' lang='lat' dir='ltr'><strong>voces.</strong></span> 
     </span>
    </p>

    <p class='ocr_par' dir='ltr' id='par_1_34' title="bbox 1554 3449 2013 3503">
     <span class='ocr_line' id='line_1_68' title="bbox 1554 3449 2013 3503; baseline 0 0"><span class='ocrx_word' id='word_1_415' title='bbox 1554 3454 1639 3503; x_wconf 90' lang='grc'><strong>21.</strong></span> <span class='ocrx_word' id='word_1_416' title='bbox 1679 3449 1889 3503; x_wconf 79' lang='lat' dir='ltr'><strong>ambitu</strong></span> <span class='ocrx_word' id='word_1_417' title='bbox 1926 3455 2013 3503; x_wconf 87' lang='grc'><strong>38.</strong></span> 
     </span>
    </p>

    <p class='ocr_par' dir='ltr' id='par_1_35' title="bbox 1481 3518 2607 4139">
     <span class='ocr_line' id='line_1_69' title="bbox 1553 3518 2604 3584; baseline 0.002 -11"><span class='ocrx_word' id='word_1_418' title='bbox 1553 3526 1639 3575; x_wconf 92' lang='grc'><strong>22.</strong></span> <span class='ocrx_word' id='word_1_419' title='bbox 1676 3525 1839 3575; x_wconf 80' lang='lat' dir='ltr'><strong>curta</strong></span> <span class='ocrx_word' id='word_1_420' title='bbox 1878 3526 2000 3584; x_wconf 87' lang='grc'><strong>173,</strong></span> <span class='ocrx_word' id='word_1_421' title='bbox 2036 3535 2203 3574; x_wconf 80' lang='lat' dir='ltr'><strong>wenn</strong></span> <span class='ocrx_word' id='word_1_422' title='bbox 2239 3518 2331 3573; x_wconf 88' lang='lat' dir='ltr'><strong>die</strong></span> <span class='ocrx_word' id='word_1_423' title='bbox 2366 3518 2604 3575; x_wconf 80' lang='lat' dir='ltr'><strong>Perinde</strong></span> 
     </span>
     <span class='ocr_line' id='line_1_70' title="bbox 1481 3561 2607 3657; baseline -0.001 -13"><span class='ocrx_word' id='word_1_424' title='bbox 1481 3608 1551 3644; x_wconf 83' lang='lat' dir='ltr'><strong>zu</strong></span> <span class='ocrx_word' id='word_1_425' title='bbox 1607 3590 1737 3645; x_wconf 73' lang='lat' dir='ltr'><strong>frah</strong></span> <span class='ocrx_word' id='word_1_426' title='bbox 1791 3561 2079 3657; x_wconf 65' lang='lat' dir='ltr'><strong>abbric’ht,</strong></span> <span class='ocrx_word' id='word_1_427' title='bbox 2136 3590 2227 3644; x_wconf 81' lang='lat' dir='ltr'><strong>ihr</strong></span> <span class='ocrx_word' id='word_1_428' title='bbox 2272 3588 2393 3645; x_wconf 88' lang='lat' dir='ltr'><strong>Ziel</strong></span> <span class='ocrx_word' id='word_1_429' title='bbox 2446 3589 2607 3644; x_wconf 85' lang='lat' dir='ltr'><strong>nicht</strong></span> 
     </span>
     <span class='ocr_line' id='line_1_71' title="bbox 1485 3660 2605 3732; baseline 0.002 -17"><span class='ocrx_word' id='word_1_430' title='bbox 1485 3661 1727 3717; x_wconf 85' lang='lat' dir='ltr'><strong>erreicht</strong></span> <span class='ocrx_word' id='word_1_431' title='bbox 1780 3660 2115 3732; x_wconf 79' lang='lat' dir='ltr'><strong>(Gegensatz</strong></span> <span class='ocrx_word' id='word_1_432' title='bbox 2175 3677 2287 3716; x_wconf 82' lang='lat' dir='ltr'><strong>von</strong></span> <span class='ocrx_word' id='word_1_433' title='bbox 2335 3660 2605 3730; x_wconf 80' lang='lat' dir='ltr'><strong>perfecta)</strong></span> 
     </span>
     <span class='ocr_line' id='line_1_72' title="bbox 1485 3730 2605 3800; baseline 0.002 -15"><span class='ocrx_word' id='word_1_434' title='bbox 1485 3738 1588 3786; x_wconf 84' lang='grc'><strong>178</strong></span> <span class='ocrx_word' id='word_1_435' title='bbox 1654 3732 1857 3787; x_wconf 79' lang='lat' dir='ltr'><strong>mutila</strong></span> <span class='ocrx_word' id='word_1_436' title='bbox 1930 3734 1990 3785; x_wconf 85' lang='lat' dir='ltr'><strong>et</strong></span> <span class='ocrx_word' id='word_1_437' title='bbox 2060 3730 2225 3800; x_wconf 83' lang='lat' dir='ltr'><strong>quasi</strong></span> <span class='ocrx_word' id='word_1_438' title='bbox 2294 3731 2605 3787; x_wconf 81' lang='lat' dir='ltr'><strong>decurtata.</strong></span> 
     </span>
     <span class='ocr_line' id='line_1_73' title="bbox 1487 3798 2607 3871; baseline 0.002 -16"><span class='ocrx_word' id='word_1_439' title='bbox 1487 3800 1675 3867; x_wconf 81' lang='lat' dir='ltr'><strong>Quint.</strong></span> <span class='ocrx_word' id='word_1_440' title='bbox 1714 3802 1810 3871; x_wconf 92' lang='lat' dir='ltr'><strong>IX,</strong></span> <span class='ocrx_word' id='word_1_441' title='bbox 1832 3808 1884 3871; x_wconf 91' lang='lat'><strong>4,</strong></span> <span class='ocrx_word' id='word_1_442' title='bbox 1906 3798 2037 3869; x_wconf 76' lang='grc'><strong>116,</strong></span> <span class='ocrx_word' id='word_1_443' title='bbox 2074 3803 2454 3858; x_wconf 78' lang='lat' dir='ltr'><strong>redwndantia</strong></span> <span class='ocrx_word' id='word_1_444' title='bbox 2484 3809 2607 3869; x_wconf 89' lang='grc'><strong>173,</strong></span> 
     </span>
     <span class='ocr_line' id='line_1_74' title="bbox 1483 3873 2605 3944; baseline 0.001 -18"><span class='ocrx_word' id='word_1_445' title='bbox 1483 3889 1647 3927; x_wconf 84' lang='lat' dir='ltr'><strong>wenn</strong></span> <span class='ocrx_word' id='word_1_446' title='bbox 1685 3873 1777 3929; x_wconf 90' lang='lat' dir='ltr'><strong>die</strong></span> <span class='ocrx_word' id='word_1_447' title='bbox 1814 3873 2049 3929; x_wconf 85' lang='lat' dir='ltr'><strong>Periode</strong></span> <span class='ocrx_word' id='word_1_448' title='bbox 2094 3873 2407 3944; x_wconf 72' lang='lat' dir='ltr'><strong>gleichsam</strong></span> <span class='ocrx_word' id='word_1_449' title='bbox 2442 3875 2605 3929; x_wconf 72' lang='lat' dir='ltr'><strong>iiber·</strong></span> 
     </span>
     <span class='ocr_line' id='line_1_75' title="bbox 1486 3943 2607 4014; baseline 0.004 -17"><span class='ocrx_word' id='word_1_450' title='bbox 1486 3943 1735 4013; x_wconf 85' lang='lat' dir='ltr'><strong>schiesst,</strong></span> <span class='ocrx_word' id='word_1_451' title='bbox 1790 3944 1891 3999; x_wconf 87' lang='lat' dir='ltr'><strong>das</strong></span> <span class='ocrx_word' id='word_1_452' title='bbox 1942 3944 2078 3999; x_wconf 85' lang='lat' dir='ltr'><strong>Ufer</strong></span> <span class='ocrx_word' id='word_1_453' title='bbox 2125 3944 2427 4001; x_wconf 76' lang='lat' dir='ltr'><strong>uberflutet</strong></span> <span class='ocrx_word' id='word_1_454' title='bbox 2478 3946 2607 4014; x_wconf 85' lang='lat' dir='ltr'><strong>(Ge-</strong></span> 
     </span>
     <span class='ocr_line' id='line_1_76' title="bbox 1483 4015 2607 4139; baseline 0.002 -70"><span class='ocrx_word' id='word_1_455' title='bbox 1483 4016 1717 4139; x_wconf 57' lang='lat' dir='ltr'><strong>gensatz</strong></span> <span class='ocrx_word' id='word_1_456' title='bbox 1775 4032 1887 4070; x_wconf 82' lang='lat' dir='ltr'><strong>von</strong></span> <span class='ocrx_word' id='word_1_457' title='bbox 1946 4015 2258 4081; x_wconf 83' lang='lat' dir='ltr'><strong>moderata)</strong></span> <span class='ocrx_word' id='word_1_458' title='bbox 2315 4023 2415 4071; x_wconf 86' lang='grc'><strong>178</strong></span> <span class='ocrx_word' id='word_1_459' title='bbox 2481 4034 2607 4086; x_wconf 85' lang='lat' dir='ltr'><strong>pro-</strong></span> 
     </span>
    </p>

    <p class='ocr_par' dir='ltr' id='par_1_36' title="bbox 1484 4084 2609 4211">
     <span class='ocr_line' id='line_1_77' title="bbox 1524 4084 2609 4154; baseline 0.004 -15"><span class='ocrx_word' id='word_1_460' title='bbox 1524 4084 1741 4140; x_wconf 83' lang='lat' dir='ltr'><strong>uctiora</strong></span> <span class='ocrx_word' id='word_1_461' title='bbox 1777 4087 1836 4141; x_wconf 90' lang='lat' dir='ltr'><strong>et</strong></span> <span class='ocrx_word' id='word_1_462' title='bbox 1871 4086 2035 4154; x_wconf 79' lang='lat' dir='ltr'><strong>quasi</strong></span> <span class='ocrx_word' id='word_1_463' title='bbox 2058 4085 2480 4143; x_wconf 79' lang='lat' dir='ltr'><strong>immoderatius</strong></span> <span class='ocrx_word' id='word_1_464' title='bbox 2509 4104 2609 4143; x_wconf 86' lang='lat' dir='ltr'><strong>ex·</strong></span> 
     </span>
     <span class='ocr_line' id='line_1_78' title="bbox 1484 4156 1781 4211; baseline 0 0"><span class='ocrx_word' id='word_1_465' title='bbox 1484 4156 1781 4211; x_wconf 84' lang='lat' dir='ltr'><strong>currentia.</strong></span> 
     </span>
    </p>

    <p class='ocr_par' dir='ltr' id='par_1_37' title="bbox 1483 4228 2607 4441">
     <span class='ocr_line' id='line_1_79' title="bbox 1555 4228 2607 4299; baseline 0.003 -18"><span class='ocrx_word' id='word_1_466' title='bbox 1555 4234 1641 4282; x_wconf 90' lang='grc'><strong>23.</strong></span> <span class='ocrx_word' id='word_1_467' title='bbox 1706 4228 2012 4283; x_wconf 77' lang='lat' dir='ltr'><strong>exclamare</strong></span> <span class='ocrx_word' id='word_1_468' title='bbox 2082 4228 2206 4284; x_wconf 84' lang='lat' dir='ltr'><strong>hier</strong></span> <span class='ocrx_word' id='word_1_469' title='bbox 2275 4229 2356 4284; x_wconf 88' lang='lat' dir='ltr'><strong>im</strong></span> <span class='ocrx_word' id='word_1_470' title='bbox 2427 4231 2607 4299; x_wconf 87' lang='lat' dir='ltr'><strong>guten</strong></span> 
     </span>
     <span class='ocr_line' id='line_1_80' title="bbox 1486 4298 2607 4382; baseline 0.002 -29"><span class='ocrx_word' id='word_1_471' title='bbox 1486 4298 1647 4353; x_wconf 88' lang='lat' dir='ltr'><strong>Sinn.</strong></span> <span class='ocrx_word' id='word_1_472' title='bbox 1684 4300 1858 4354; x_wconf 81' lang='lat' dir='ltr'><strong>bravo</strong></span> <span class='ocrx_word' id='word_1_473' title='bbox 1896 4298 2059 4354; x_wconf 77' lang='lat' dir='ltr'><strong>rufen</strong></span> <span class='ocrx_word' id='word_1_474' title='bbox 2095 4300 2228 4382; x_wconf 83' lang='lat' dir='ltr'><strong>(vgl.</strong></span> <span class='ocrx_word' id='word_1_475' title='bbox 2269 4305 2375 4354; x_wconf 91' lang='grc'><strong>214</strong></span> <span class='ocrx_word' id='word_1_476' title='bbox 2411 4303 2607 4355; x_wconf 84' lang='lat' dir='ltr'><strong>tantus</strong></span> 
     </span>
     <span class='ocr_line' id='line_1_81' title="bbox 1483 4369 2580 4441; baseline 0 -17"><span class='ocrx_word' id='word_1_477' title='bbox 1483 4370 1697 4425; x_wconf 86' lang='lat' dir='ltr'><strong>clamor</strong></span> <span class='ocrx_word' id='word_1_478' title='bbox 1732 4369 2006 4425; x_wconf 87' lang='lat' dir='ltr'><strong>contionis</strong></span> <span class='ocrx_word' id='word_1_479' title='bbox 2042 4370 2315 4426; x_wconf 83' lang='lat' dir='ltr'><strong>excitatus</strong></span> <span class='ocrx_word' id='word_1_480' title='bbox 2344 4374 2580 4441; x_wconf 83' lang='lat' dir='ltr'><strong>est),an</strong></span> 
     </span>
    </p>
   </div>
  </div>
 </body>
</html>
