2949 4647
173 1103 221 1144 10

1063 123 1362 181 ORATOR
1397 131 1483 180 32.
1522 130 1824 182 115—116.
2509 125 2595 189 87

233 294 482 354 omnino
537 291 776 372 rudem,
835 293 942 352 sed
997 292 1090 353 vel
1145 292 1246 353 illa
1299 294 1543 371 antiqua
1595 290 1688 353 vel
1743 292 1853 353 hac
1908 291 2224 372 Chrysippi
2278 292 2591 372 disciplina

229 384 598 444 institutum.
697 381 944 442 Noverit
998 383 1259 461 primum
1313 383 1459 462 vim,
1489 385 1822 463 naturam,
1882 399 2101 461 genera
2154 381 2474 442 verborum
2531 391 2619 444 et·

237 470 601 550 simplicium
655 476 719 531 et
776 469 1215 552 copulatorum,
1278 469 1493 531 deinde
1559 477 1705 549 quot
1758 468 1949 530 modis
2016 470 2277 549 quidque
2340 470 2590 553 dicatur,

237 579 354 640 qua
399 561 636 620 ratione
679 577 889 620 verum
943 559 1234 620 falsumne
1291 561 1368 624 sit
1421 559 1747 639 iudicetur,
1808 559 1949 638 quid
2006 559 2301 620 efficiatur
2358 578 2390 620 e
2447 577 2592 638 quo-

187 659 214 700 6
239 667 375 730 que,
423 647 566 727 q‘uid
615 651 832 727 cuique
880 664 1254 728 consequens
1301 650 1378 709 sit
1423 647 1687 728 quidque
1736 650 2120 729 contrarium,
2166 665 2423 728 cumque
2472 667 2591 710 am-

238 738 416 817 bigue
465 736 654 798 multa
699 736 992 819 dicantur,
1037 736 1333 816 quomodo
1379 736 1643 816 quidque
1690 753 1898 798 eorum
1945 735 2125 797 dividi
2170 736 2591 817 explanarique

239 833 530 907 oporteat.
621 824 780 887 Haec
825 825 1081 887 tenenda
1127 835 1270 888 sunt
1313 827 1564 907 oratori,
1622 842 1797 905 saepe
1854 827 2013 886 enim
2068 834 2421 907 occurrunt3
2486 826 2592 887 sed

242 917 524 995 quoniam
569 932 678 976 sua
723 922 935 994 sponte
991 914 1349 994 squalidiora
1405 923 1576 996 sunt,
1638 913 2005 976 adhibendus
2056 916 2177 975 erit
2230 916 2292 975 in
2348 917 2437 976 eis
2493 933 2591 976 ex-

244 1003 538 1085 plicandis
583 1002 824 1082 quidam
869 1007 1158 1065 orationis
1203 1006 1379 1065 nitor.

420 1091 502 1153 Et
547 1094 826 1170 quoniam
871 1095 933 1153 in
989 1092 1294 1175 omnibus,
1349 1109 1503 1171 quae
1558 1093 1789 1152 ratione
1844 1061 2137 1152 docentur
2191 1099 2252 1162 et
2306 1095 2425 1175 via,
2471 1089 2577 1174 33,
2599 1090 2701 1142 116

232 1178 510 1263 ‘primum
553 1181 1037 1242 constituendum
1083 1189 1200 1263 est,
1256 1181 1399 1260 quid
1455 1179 1715 1260 quidque
1774 1181 1851 1240 sit
1908 1211 1993 1224 -
2049 1182 2165 1241 nisi
2222 1184 2381 1241 enim
2435 1183 2595 1243 inter

249 1289 349 1332 eos
387 1273 495 1350 qui
539 1269 876 1350 disceptent
921 1273 1225 1352 convenit,
1280 1269 1422 1349 quid
1472 1271 1551 1330 sit
1604 1269 1751 1330 illud
1797 1269 1869 1330 de
1918 1287 2035 1348 quo
2082 1268 2426 1352 ambigitur,
2483 1289 2595 1332 nec

244 1425 384 1480 rant.
461 1423 742 1480 Aehnlich
787 1439 970 1480 censeo
1005 1429 1036 1491 ἕ
1077 1428 1204 1490 1953
1251 1423 1365 1494 vgl.

243 1495 607 1566 Nagelsbach
642 1494 742 1549 lat.
782 1494 906 1551 Stil.
944 1499 975 1561 ἓ
1013 1501 1098 1562 98,
1137 1501 1186 1550 3.

318 1574 367 1621 1.
433 1566 540 1621 illa
603 1566 838 1635 antiqua
899 1582 972 1622 sc.
1018 1565 1367 1635 Aristotelis3

241 1639 348 1692 hac
382 1637 485 1692 der
511 1635 777 1706 Jetzigen,
815 1636 913 1691 der
947 1637 1268 1692 modernen.

315 1715 367 1766 2.
397 1709 648 1778 primm
681 1707 740 1762 in
773 1707 876 1763 der
891 1708 1074 1763 Lehre
1109 1725 1222 1764 von
1255 1708 1367 1763 den

244 1781 322 1836 Be
395 1779 411 1791 ⁶
457 1795 527 1835 en
577 1779 955 1848 (Etymologie
1007 1779 1125 1837 und
1176 1779 1366 1835 Wort-

243 1852 326 1908 bil
365 1849 714 1920 ungslehre);
750 1851 861 1904 vim
895 1849 1245 1921 Bedeutung.

317 1929 366 1978 3.
423 1922 757 1990 simplicium
805 1922 910 1976 etc.
958 1920 1110 1976 Part.
1163 1938 1242 1977 or.
1299 1927 1364 1978 16

241 1995 428 2064 prima.
461 1993 548 2048 vis
585 1993 672 2048 est
707 1992 768 2047 in
803 1991 1150 2062 simplicibus
1165 1993 1366 2062 verbis,

242 2065 305 2119 in
369 2063 680 2120 coniunctis
736 2064 1008 2132 secundm
1075 2069 1138 2118 18
1195 2065 1260 2118 ut
1306 2065 1367 2119 in

241 2135 693 2264 {idn-tfbliiiodimssig
697 2135 793 2260 8111)
793 2134 1368 2275 ἱεοοῗιῗιῖξοήᾓοηᾳαῗὲ

243 2295 358 2334 non
402 2279 488 2333 est
520 2247 884 2347 ’consequens
935 2275 1366 2361 vituperandum

241 2353 334 2406 est
369 2352 461 2419 (ne
499 2348 818 2419 generibus,
863 2365 1108 2403 numeris
1121 2394 1134 2419 ,
1177 2366 1366 2421 perso-

247 2421 364 2489 nis,
439 2420 662 2475 casibus
723 2420 1082 2490 perturbetur
1145 2420 1366 2491 oratio).

247 2492 446 2547 deiude
481 2493 586 2546 etc.
641 2491 700 2545 in
737 2491 839 2546 der
881 2490 1062 2546 Lehre
1108 2506 1221 2547 von
1258 2491 1369 2547 den

247 2562 526 2633 Urteilen,
581 2561 680 2617 der
717 2561 1002 2617 Satzlehre
1057 2562 1128 2618 de
1183 2580 1260 2619 or.
1297 2562 1367 2631 II,

250 2640 354 2689 158
390 2650 556 2689 omne
603 2634 753 2703 quod
798 2632 1112 2702 eloquimur
1155 2634 1260 2703 sic,
1303 2636 1370 2688 ut

245 2705 309 2761 id
343 2707 444 2760 aut
481 2720 600 2760 esse
647 2704 897 2759 dicamus
943 2706 1042 2759 aut
1085 2722 1202 2761 non
1243 2721 1365 2759 esse

245 2778 332 2843 et,
399 2776 447 2830 si
497 2776 819 2845 simpliciter
867 2775 1082 2830 dictum
1131 2774 1208 2831 sit
1259 2775 1369 2845 (als

246 2846 502 2903 einfache
573 2848 852 2919 Aussage,
923 2846 1003 2900 im
1075 2846 1371 2903 einfachen

247 2918 420 2989 Sata),
477 2917 787 2987 suscipiunt
823 2917 1122 2987 dialectici,
1178 2919 1244 2973 ut
1286 2917 1368 2973 in-

241 2990 462 3059 dicent,
509 3004 774 3045 verumne
812 2988 886 3043 sit
923 3005 996 3043 an
1031 2988 1265 3058 falsum,
1313 2990 1370 3045 et

244 3061 297 3115 si
333 3062 620 3115 coniuncte
656 3060 730 3115 sit
765 3060 976 3121 elatum
1015 3059 1112 3129 (im
1151 3078 1369 3115 zusam-

245 3133 666 3203 mengesetzten
695 3130 844 3200 Satn)
883 3132 942 3185 et
967 3130 1233 3187 adiuncta
1259 3131 1372 3186 sint

240 3202 377 3273 alia,
413 3202 665 3258 iudicant
698 3203 920 3258 rectene
955 3196 1222 3257 adiuncti
1259 3200 1372 3257 sint

243 3275 354 3329 etc.
393 3278 525 3344 quot
545 3274 720 3329 modis
739 3273 812 3328 ob
833 3273 1196 3342 conditional,
1235 3272 1372 3329 oder

242 3345 550 3415 concessiv,
589 3345 724 3401 oder
761 3344 1082 3400 consecutiv
1121 3346 1225 3400 etc.

319 3422 372 3471 4.
426 3416 564 3486 quid
611 3416 890 3484 efficiatur
943 3420 1063 3485 122,
1127 3432 1243 3471 was
1278 3417 1372 3470 fiir

245 3486 851 3558 Schlussfolgerungen
915 3486 1035 3541 sich
1091 3486 1372 3557 jedesmal

240 3576 352 3614 aus
388 3558 518 3613 dem
561 3557 910 3614 bewiesenen
958 3560 1193 3627 (verum)
1239 3557 1374 3613 oder

242 3628 614 3699 widerlegten
679 3628 930 3697 (falsum),
977 3629 1220 3699 ergeben
1235 3671 1251 3698 ,
1311 3628 1371 3683 in

239 3702 350 3757 der
384 3701 565 3755 Lehre
600 3717 713 3756 von
747 3700 857 3755 den
890 3699 1280 3771 Syllogismen.

323 3776 372 3825 ὅ.
430 3772 578 3841 quid.
614 3772 808 3841 cuique
852 3786 1176 3841 consequeus
1211 3776 1241 3837 g
1281 3777 1365 3840 16,

242 3842 358 3897 wie
395 3860 441 3897 z.
480 3842 544 3899 B.
599 3842 660 3896 in
710 3842 810 3897 der
953 3842 1153 3899 ciellen
1187 3842 1369 3897 Lehre

241 3930 382 3969 ⁷§rom
419 3913 821 3989 Enthymema,
899 3930 960 3968 as
997 3914 1143 3969 nach
1181 3912 1367 3979 Quint.

243 3986 319 4055 V,
359 3990 444 4053 10,
482 3990 514 4039 2
569 3985 714 4039 auch
765 3984 826 4039 in
881 3985 1009 4039 dem
1056 3983 1224 4039 Sinne
1275 4000 1369 4054 ge-

241 4056 514 4113 nommen
531 4055 688 4125 wird‚
726 4071 836 4125 quo
865 4060 1066 4111 certam
1090 4056 1371 4125 quemdam

245 4144 322 4183 ar
355 4128 564 4182 menti
625 4128 1022 4183 conclusionem
1095 4124 1372 4197 significat

245 4216 322 4254 ve
380 4215 448 4253 ex
485 4199 930 4269 consequentibus
965 4198 1058 4254 vel
1085 4214 1154 4252 cx
1179 4214 1372 4267 γεραρ-

241 4270 547 4335 mutatum
593 4270 844 4340 ambiyuc
880 4270 980 4324 der
1015 4268 1238 4323 Redner
1272 4267 1374 4323 hat

245 4358 312 4395 es
347 4340 456 4397 mit
492 4340 622 4396 dem
667 4340 992 4411 ambiguum
1037 4340 1372 4410 hauptsach·

248 4411 370 4467 lieh
404 4412 498 4467 bei
542 4412 642 4468 der
674 4411 1113 4482 Interpretation
1158 4413 1372 4483 gesetz-

1476 1422 1654 1478 licher
1686 1421 2173 1493 Bestimmungen,
2219 1421 2596 1493 privatrecht·

1473 1493 1653 1566 licher
1687 1493 1926 1548 For-men
1986 1511 2039 1548 u.
2090 1511 2132 1547 e.
2170 1512 2238 1550 w.
2303 1513 2373 1550 zu
2432 1495 2593 1564 thun,

1477 1564 1581 1620 wie
1619 1564 1730 1619 Cic.
1775 1564 1837 1619 in
1884 1564 1982 1619 der
2016 1563 2171 1619 Rede
2214 1581 2318 1636 pro
2355 1564 2597 1621 Caecina.

1473 1641 1505 1702 ξ
1527 1641 1655 1704 1023
1694 1636 1766 1690 ad
1800 1635 1929 1690 Her.
1970 1633 2012 1704 I,
2038 1639 2111 1689 20
2146 1651 2272 1690 cum
2306 1651 2395 1692 res
2424 1653 2597 1692 unam

1471 1703 1535 1762 in
1598 1706 1934 1762 sententiam
2008 1705 2218 1776 scripta.
2286 1707 2429 1763 duas
2495 1711 2597 1765 aut

1511 1778 1663 1834 lures
1708 1773 2013 1834 sententias
2058 1778 2352 1847 significat.
2402 1777 2471 1835 de
2516 1797 2593 1834 or.

1502 1893 1515 1918 ,
1557 1855 1675 1904 140.
1714 1849 1793 1918 H,
1834 1853 1932 1904 111
1990 1849 2381 1918 ambiguorum
2432 1850 2599 1920 plura

1472 1936 1681 1990 genera
1736 1921 1881 1987 sunt,
1938 1933 2085 1990 quae
2139 1919 2282 1974 mihi
2334 1921 2597 1978 videntur

1474 1991 1530 2046 ei
1565 1991 1765 2046 melius
1802 2007 1992 2059 nosse,
2040 1991 2139 2059 qui
2174 1990 2461 2046 dialectici
2497 2009 2594 2062 ap-

1472 2062 1773 2133 pellantur,
1809 2061 1871 2116 hi
1898 2064 2088 2118 autem
2115 2062 2301 2117 nostri‘
2316 2062 2595 2133 ignorare,

1476 2133 1575 2204 qui
1608 2133 1935 2258 nonffminus
1964 2149 2127 2188 nosse
2148 2133 2403 2190 debeant.
2440 2133 2591 2190 Part.

1477 2221 1555 2263 or.
1597 2210 1699 2259 132
1766 2248 1777 2259 .

1548 2282 1595 2332 6.
1670 2277 1852 2332 dividi
1923 2277 2025 2332 etc.
2110 2274 2285 2331 durch
2356 2275 2597 2348 richtige

1476 2346 1795 2418 Scheidung
1892 2348 2008 2403 und
2096 2348 2598 2420 Unterscheidung,

1476 2420 1621 2475 auch
1666 2419 1841 2474 durch
1885 2418 2127 2489 richtige
2169 2420 2617 2489 Interpunktion.

1474 2490 1568 2545 die
1613 2490 2082 2575 Zweideutigkeit
2126 2490 2439 2561 beseitigen
2481 2491 2599 2545 und

1476 2561 1585 2617 den
1622 2562 1851 2617 wahren
1888 2561 2024 2615 Sum
2062 2561 2190 2617 klar
2226 2562 2405 2631 legen.
2519 2592 2523 2599 ·

1548 2638 1597 2687 8.
1654 2649 1759 2687 sua
1806 2636 1996 2700 sponte
2048 2648 2122 2687 an
2167 2633 2281 2686 und
2334 2633 2425 2687 fiir
2477 2632 2599 2689 sich

1478 2709 1599 2758 164.
1642 2708 1760 2758 175.
1799 2708 1930 2771 2133
1994 2704 2341 2773 squalidiora
2405 2705 2597 2773 ,etwas

1472 2774 1733 2829 trecken‘
1790 2774 1859 2830 de
1913 2772 2005 2829 fin.
2051 2774 2155 2841 IV,
2203 2780 2235 2828 5
2298 2774 2425 2844 ipsa,
2477 2774 2596 2844 illa,

1477 2861 1621 2915 quae
1685 2844 1971 2899 subtiliter
2034 2842 2356 2901 disserenda.
2420 2848 2597 2917 erant,

1473 2915 1651 2987 polite
1698 2918 1939 2987 apteque
1994 2916 2253 2971 dixerunt
2299 2918 2399 2987 (sc.
2442 2917 2599 2973 Peri-

1473 2986 1709 3058 patetici
1762 2986 2217 3058 Academicique)
2274 2990 2399 3043 tum
2463 2988 2600 3043 defi-

1476 3059 1712 3128 nientes,
1764 3060 1887 3114 tum
1936 3057 2261 3129 partientes,
2317 3062 2383 3115 ut
2426 3060 2601 3115 vestri

1478 3130 1651 3186 etiam
1688 3132 1779 3199 (sc.
1822 3129 2033 3201 Stoici),
2091 3130 2192 3185 sed
2238 3147 2339 3185 vos
2392 3132 2599 3201 squali-

1478 3202 1638 3327 diugg
1663 3200 1671 3205 “
1698 3200 1925 3257 illorum
1980 3200 2137 3257 vides
2208 3218 2377 3270 quam
2424 3203 2601 3257 uiteat

1479 3288 1578 3328 ora
1628 3288 1677 3327 0.

1552 3349 1635 3398 10.
1675 3344 1891 3399 ratiom
1926 3342 1976 3397 et
2009 3343 2105 3398 via
2146 3348 2229 3399 10.
2270 3342 2431 3398 Tusc.
2469 3344 2541 3413 H,
2563 3352 2595 3399 6

1482 3430 1575 3469 eos
1613 3414 1915 3470 excitemus
1928 3457 1943 3485 ,
1990 3414 2090 3484 qui
2124 3414 2439 3469 liberaliter
2472 3430 2599 3469 eru-

1479 3485 1585 3540 diti
1623 3518 1691 3526 —
1719 3485 1935 3542 ratione
1973 3487 2033 3541 et
2066 3486 2163 3541 via,
2196 3485 2597 3554 philosophan-

1478 3559 1587 3615 tur.
1624 3557 1762 3627 Top.
1792 3563 1844 3615 2.
1873 3555 1943 3611 de
1983 3557 2073 3613 fin.
2100 3557 2144 3624 I,
2175 3561 2243 3610 29
2280 3558 2346 3611 ut
2379 3556 2598 3613 ratione

1480 3630 1538 3683 et
1571 3626 1667 3683 vie.
1699 3628 1970 3698 procedat
2006 3626 2203 3683 oratio.
2542 3699 2556 3712 .

1476 3705 1914 3839 &3225th
1944 3697 2360 3853 {“·p?1{0‘1’1¹3·101‘
2371 3704 2501 3825 ἐξ
2537 3700 2599 3825 ἒξ

1480 3840 1736 3897 omnibus
1800 3840 2278 3911 disputationibus
2344 3858 2376 3897 o
2418 3844 2599 3898 ortere

1478 3928 1695 3979 censeo,
1749 3914 1815 3967 ut
1868 3912 2003 3982 quid
2056 3912 2201 3967 illud
2253 3913 2329 3967 sit
2416 3930 2447 3969 e
2491 3930 2599 3983 quo

1478 3984 1804 4052 disputetur,
1844 3981 2189 4052 explanetur,
2227 4000 2299 4039 ne
2326 3984 2523 4054 vagari
2542 3986 2601 4039 et

1478 4069 1663 4109 errare
1700 4055 1933 4125 cogatur
1968 4054 2166 4123 oratio,
2206 4054 2255 4109 si
2290 4055 2344 4109 ei
2380 4055 2477 4124 qui
2511 4054 2600 4110 in-

1476 4126 1566 4181 ter
1611 4142 1671 4180 se
1716 4124 2076 4181 dissenserint
2121 4142 2233 4180 non
2281 4125 2433 4181 idem
2478 4141 2599 4181 esse

1476 4196 1622 4251 illud
1635 4196 1727 4321 Ide
1754 4212 1876 4322 ἓιιο
1914 4196 2103 4268 agitur
2136 4196 2488 4267 intellegant.
2527 4198 2599 4252 de

1478 4284 1539 4323 re
1584 4310 1595 4323 .
1664 4312 1677 4337 ,
1717 4274 1749 4322 2
1792 4311 1802 4322 .

1541 4285 1639 4395 112.
1686 4340 1986 4415 ᾳτηῠίρίτων
2034 4344 2065 4405 5
2108 4342 2235 4405 1213
2298 4338 2369 4393 de
2414 4355 2492 4394 or.
2529 4340 2601 4411 H,

1486 4416 1588 4465 104
1605 4410 1642 4467 f.
1684 4418 1804 4467 110.
