2949 4647
1023 141 1321 196 ORATOR
1357 149 1442 198 62.
1482 149 1782 201 209—210.

2456 147 2583 211 139

227 325 441 370 renses
488 324 683 385 neque
731 309 972 368 omnino
1026 309 1479 388 repudiandum.
1590 309 1654 370 Si
1710 313 1869 371 enim
1926 330 2163 392 semper
2216 320 2413 395 utare,
2461 311 2565 397 62,
2586 325 2692 375 209

228 415 370 460 cum
419 399 750 457 satietatem
799 395 1010 477 adfert,
1056 405 1187 458 tum
1233 398 1405 477 quale
1453 401 1532 459 sit
1578 401 1753 459 etiam
1793 399 1865 459 ab
1893 401 2187 480 imperitis
2216 405 2583 484 agnoscitur3

230 485 495 548 detrahit
540 492 847 565 praeterea
893 487 1141 547 actionis
1169 485 1454 569 dolorem,
1501 488 1696 548 aufert
1722 487 2047 549 humanum
2076 508 2318 551 sensum
2346 495 2610 574 actoris,=

233 574 389 637 tollit
434 573 706 635 funditus
751 575 1064 635 veritatem
1096 583 1172 636 et
1217 574 1410 636 fidem.

415 661 535 723 Sed
583 664 862 741 quoniam
909 662 1239 724 adhibenda
1285 682 1733 743 nonnumquam
1780 673 1911 746 est,
1956 668 2215 744 primum
2263 667 2583 730 videndum

230 761 350 834 est,
421 769 538 830 quo
593 750 751 832 loco,
817 751 1028 812 deinde
1095 769 1271 831 quam
1328 753 1430 813 diu
1487 753 1795 814 retinenda
1852 757 1954 836 sit,
2017 761 2145 816 tum
2200 764 2346 834 quot
2391 757 2583 818 modis

159 847 164 852 ’
230 840 666 904 commutanda.
758 839 1100 901 Adhibenda
1147 847 1240 901 est
1283 843 1467 920 igitur
1524 861 1843 903 numerosa
1899 845 2116 925 oratio,
2172 847 2223 905 si
2279 852 2381 906 aut
2432 845 2555 906 lau·
2585 856 2692 906 210

231 929 493 991 dandum
543 936 635 989 est
689 928 908 1007 aliquid
965 931 1258 1012 ornatiuS,
1323 937 1391 990 ut
1453 948 1563 990 nos
1619 933 1681 991 in
1738 934 2131 993 accusationis
2190 933 2453 994 secundo
2508 934 2581 996 de

234 1019 472 1080 Siciliae
519 1016 690 1078 laude
739 1016 1024 1098 diximuS,
1079 1024 1149 1079 ut
1194 1020 1258 1079 in
1303 1026 1515 1080 senatu
1562 1018 1635 1079 de
1682 1020 1993 1082 consulatu
2040 1039 2201 1103 meo,
2258 1030 2360 1082 aut
2405 1041 2582 1103 expo-

160 1123 208 1163 ιο
232 1108 427 1169 nenda
475 1109 754 1187 narratio,
811 1124 961 1190 quae
1008 1107 1142 1187 plus
1191 1107 1491 1186 dignitatis
1538 1107 1837 1170 desiderat
1883 1128 2058 1188 quam
2105 1110 2352 1192 doloriS,
2398 1119 2475 1172 ut
2521 1114 2584 1172 in

231 1203 448 1277 quarto
505 1197 897 1256 accusationis
954 1195 1026 1256 de
1075 1195 1381 1257 Hennensi
1427 1195 1673 1278 Cerere,
1730 1197 1802 1257 de
1860 1196 2182 1276 Segestana
2236 1197 2445 1282 Diana,
2508 1200 2582 1261 de

233 1285 666 1366 Syracusarum
713 1285 830 1344 situ
887 1283 1158 1346 diximus,

1263 1283 1451 1365 Saepe
1511 1287 1689 1346 etiam
1741 1289 1805 1346 in
1861 1286 2266 1367 amplificanda
2321 1306 2386 1348 re
2443 1307 2581 1349 con-

232 1391 409 1436 cessu
456 1375 722 1433 omnium
769 1372 1040 1440 funditur
1085 1391 1402 1434 numerose
1449 1381 1510 1435 et
1555 1373 1891 1436 volubiliter
1942 1378 2155 1456 orati03
2200 1376 2262 1436 id
2309 1395 2417 1436 nos
2461 1377 2581 1438 for·

232 1473 392 1525 tasse
440 1480 562 1522 non
608 1462 988 1543 perfecimuS,
1032 1463 1229 1522 conati
1277 1462 1516 1541 quidem
1566 1465 1909 1544 saepissime
1957 1483 2189 1546 sumuS,
2246 1464 2405 1544 quod
2449 1465 2582 1545 plu-

161 1567 208 1608 15
237 1554 406 1613 rimis
450 1550 601 1611 locis
645 1552 1056 1630 perorationes
1103 1559 1342 1611 nostrae
1387 1551 1644 1612 voluisse
1691 1571 1801 1612 nos
1856 1559 2032 1633 atque
2089 1555 2283 1614 animo
2338 1563 2582 1615 conten-

234 1641 394 1702 disse
443 1637 762 1700 declarant.
853 1638 918 1699 Id
967 1644 1164 1699 autem
1210 1647 1340 1701 tum
1385 1639 1557 1723 valet,
1604 1659 1741 1702 curn
1788 1643 1839 1702 is
1886 1643 1990 1720 qui
2035 1642 2199 1703 audit
2244 1641 2315 1702 ab
2346 1651 2582 1704 oratore

233 1733 346 1791 iam
397 1727 680 1790 obsessus
729 1734 820 1788 est
865 1745 934 1788 ac
979 1735 1237 1789 tenetur.
1337 1728 1469 1789 Non
1516 1731 1674 1790 enim
1722 1729 1783 1790 id
1841 1726 1985 1811 agit,
2039 1739 2109 1792 ut
2161 1731 2477 1793 insidietur
2523 1739 2582 1793 et

229 1818 539 1898 observet,
597 1816 700 1876 sed
747 1819 864 1877 iam
910 1817 1066 1877 favet
1120 1835 1589 1897 processumque
1644 1817 1770 1880 vult
1826 1818 2178 1898 dicendique
2236 1823 2354 1881 vim
2401 1821 2581 1882 admi-

234 1925 376 1968 rans
425 1924 546 1966 non
593 1907 855 1984 anquirit
899 1905 1041 1984 quid
1087 1905 1503 1985 reprehendat.

302 2067 353 2114 2.
393 2060 553 2130 quale
586 2059 662 2112 sit
699 2059 843 2112 auch
879 2058 979 2113 der
991 2058 1129 2114 Laie
1165 2059 1354 2114 mei-kt

229 2133 382 2187 daun
419 2129 510 2184 die
545 2129 890 2199 Kunstgriffe
927 2130 1044 2184 und
1079 2129 1181 2184 der
1213 2130 1370 2186 fort·-⁴

230 2200 530 2258 wahrende
583 2200 1001 2256 Parallelismus
1055 2219 1108 2256 u.
1175 2219 1217 2256 s.
1282 2219 1350 2255 w.

230 2273 426 2331 machi
478 2271 684 2327 keinen
717 2271 1006 2329 Eindruck
1050 2273 1211 2327 mehr
1257 2274 1359 2328 auf

230 2346 330 2401 ihu
366 2350 490 2399 215.

302 2424 354 2472 3.
393 2414 632 2471 detrahit
665 2430 863 2486 wegen
901 2415 1000 2469 der
1019 2417 1203 2471 steten
1232 2416 1353 2471 kal-

235 2491 334 2543 ten
360 2486 730 2555 Berechnung
764 2484 946 2541 dieser
981 2486 1360 2542 oratorischen

235 2562 428 2622 Form3
460 2557 567 2611 der
601 2556 823 2611 Redner
858 2557 996 2627 geht
1028 2557 1230 2611 immer
1264 2558 1366 2613 auf

239 2630 488 2697 Stelzen,
551 2628 685 2682 ‘sein
748 2627 1090 2683 natfirlicbes
1154 2626 1360 2683 Gefflhl

236 2700 462 2757 kommt
495 2698 656 2753 nieht
698 2716 827 2752 zum
864 2698 1182 2765 Ausdruck‚
1229 2698 1360 2754 weil

235 2790 298 2827 er
331 2770 494 2826 nicht
525 2770 698 2824 reden
735 2770 884 2839 darf,
939 2768 1046 2824 wie
1089 2770 1208 2825 ihm
1260 2770 1360 2825 der

242 2841 525 2899 Schnabel
561 2842 892 2911 gewachsen
928 2840 1017 2895 iet.

303 2912 539 2970 actionis
583 2913 820 2967 dolorem
874 2911 976 2966 das
1020 2910 1354 2967 Herzbewe-

230 2986 414 3057 gendo
448 2983 530 3037 im
565 2982 774 3038 Vortra
850 2984 992 3051 (130.
1032 2981 1102 3037 de
1139 2998 1218 3037 or.
1257 2982 1350 3051 III,

233 3059 341 3126 96),
378 3054 510 3109 weil
545 3054 723 3109 durch
798 3052 851 3108 ie
887 3052 1355 3108 unaufhorlichen

232 3125 567 3183 Antithesen
594 3143 648 3179 u.
678 3142 720 3180 s.
749 3142 818 3179 w.
857 3124 957 3179 das
979 3124 1183 3180 Gefiihl
1211 3140 1352 3195 ganz

233 3196 622 3269 abgesbumpft
656 3195 810 3267 wird.

303 3276 356 3326 4.
403 3268 548 3323 tollit
597 3266 690 3321 die
729 3267 975 3336 Sprache
1019 3266 1119 3321 der
1152 3266 1353 3321 Wahr-

234 3340 379 3409 heit,
423 3340 525 3394 der
557 3355 691 3393 man
725 3338 1036 3393 Vertrauen
1073 3338 1355 3393 schenken

233 3414 400 3480 kann,
433 3410 513 3465 ist
545 3409 606 3464 in
642 3409 742 3465 der
767 3409 946 3479 Regel
982 3408 1202 3465 einfach
1237 3409 1354 3464 und

233 3481 602 3539 schmucklos.
974 3529 979 3534 ,

303 3560 354 3609 5.
394 3553 706 3608 adhibenda
743 3568 817 3605 sc.
845 3567 1141 3606 numerosa
1155 3551 1352 3607 oratio.

305 3632 353 3680 7.
394 3624 780 3679 commutanda
807 3622 899 3677 die
927 3618 1166 3691 ῥυθμῶν
1185 3641 1353 3689 μετα·

234 3690 371 3769 βολή
417 3695 555 3750 oder
599 3688 884 3763 ἄλοίωσις,
933 3692 1122 3759 Quint.
1159 3692 1264 3763 IX,
1302 3699 1354 3763 4,

233 3773 300 3821 50
349 3764 646 3836 (rhythmi)
698 3763 992 3834 quomodo·
1039 3768 1353 3834 coeperant,

233 3838 462 3892 currunt
494 3853 674 3906 usque
709 3836 784 3890 ad
811 3833 1143 3906 μεταβολήν,
1177 3835 1239 3891 id
1268 3837 1355 3891 est

233 3908 532 3965 transitum
575 3906 636 3961 in
681 3906 837 3961 aliud
874 3923 1066 3977 genus.
1084 3906 1352 3976 rhythmi.

304 3998 340 4035 a
399 3984 432 4046 ξ
472 3983 594 4034 210.
1155 4006 1160 4012 -

303 3983 362 4105 8.)
392 4048 762 4105 accusationis
797 4048 952 4103 Verr.
991 4049 1062 4115 ΙΙ,
1085 4054 1117 4102 2
1137 4066 1200 4102 .s.
1236 4048 1352 4105 ind.

235 4120 476 4187 Verrin.;
541 4122 608 4177 de
651 4120 942 4176 consulatu
985 4136 1100 4175 meo
1147 4138 1188 4175 s.
1234 4119 1353 4175 ind,

239 4191 447 4249 Cicero.
886 4220 890 4225 Δ

310 4270 392 4318 10.
450 4263 584 4333 plus
653 4262 948 4333 diy‘nitatis
1011 4264 1118 4317 etc.
1191 4262 1354 4326 mehr

239 4334 450 4405 ruhige,
486 4349 810 4404 gemeseene
846 4332 1104 4403 Haltung
1140 4334 1224 4389 als
1245 4334 1351 4388 Pa·

241 4406 364 4460 thos
401 4410 524 4461 209.

1535 2066 1618 2114 12.
1674 2061 1737 2114 in
1788 2061 2185 2128 amplificanda
2235 2077 2311 2128 re,
2374 2061 2434 2116 in
2484 2061 2583 2117 der

1461 2126 1696 2199 αὔξησις
1732 2131 1805 2185 ad
1838 2131 1970 2186 Her.
1999 2132 2095 2200 III,
2112 2138 2179 2186 23
2218 2132 2580 2202 amplificatio

1462 2203 1549 2257 est
1566 2201 1749 2256 oratio
1764 2219 1907 2274 quae
1927 2203 2027 2257 aut
2044 2204 2117 2257 ad
2129 2201 2477 2258 iracundiam
2493 2203 2582 2258 in-

1461 2272 1619 2329 ducit.
1654 2275 1756 2329 aut
1800 2273 1872 2329 ad
1918 2273 2361 2330 misericordiam
2404 2274 2585 2331 trahit

1459 2344 1733 2400 auditoris
1770 2345 2043 2412 animum3
2080 2346 2382 2402 besonders
2402 2362 2584 2417 gegen

1461 2416 1571 2471 den
1610 2416 1839 2471 Schluss
1882 2416 1983 2471 hin
2028 2416 2097 2471 de
2144 2433 2222 2472 or.
2258 2417 2302 2488 I,
2342 2423 2444 2485 143
2492 2436 2583 2473 ex·

1464 2489 1649 2542 trema
1684 2487 1936 2544 oratione
1974 2504 2057 2557 ea,
2103 2504 2249 2557 quae
2283 2506 2385 2559 pro
2421 2488 2584 2544 nobis

1467 2560 1671 2626 essent,
1710 2558 2106 2629 amplificanda.
2143 2561 2202 2614 et
2238 2560 2509 2644 augenda.
2598 2564 2602 2568 ’

1542 2633 1626 2683 13.
1689 2630 1953 2696 fumdimr
2016 2632 2219 2685 sti-omia
2281 2630 2373 2685 d1e
2426 2629 2579 2685 Rede

1471 2699 1553 2753 im
1588 2699 2012 2769 rhythmischen
2056 2700 2180 2756 Fau
2234 2700 2349 2755 und
2402 2717 2580 2771 unge-

1465 2771 1751 2841 hemmten
1786 2771 1964 2841 Finge
2000 2770 2175 2825 dahin
2219 2773 2360 2841 (222.
2399 2772 2468 2826 de
2502 2771 2603 2827 ors

1465 2841 1564 2909 ΠΙ,
1589 2847 1691 2895 194
1727 2858 1919 2897 versus
1956 2842 2234 2912 fundere);
2270 2843 2581 2899 volubiliter

1537 2989 1619 3038 15.
1649 2985 2030 3053 perorationes
2067 2990 2187 3039 130.
2320 2985 2325 2989 ’

1535 3059 1618 3111 17.
1664 3056 1729 3110 id
1772 3056 1891 3125 ayit
1936 3057 2042 3111 etc.
2117 3056 2459 3127 Anfflnglich
2505 3055 2583 3112 ist

1461 3125 1561 3180 der
1596 3125 1827 3181 Richter
1862 3127 1965 3182 auf
1996 3126 2181 3183 seiner
2196 3127 2330 3195 Hut,
2369 3144 2430 3181 er
2463 3126 2583 3181 will

1461 3196 1583 3252 sich
1644 3196 1803 3253 nicht.
1858 3198 2057 3269 irgend
2111 3198 2396 3254 bersicken
2450 3197 2585 3253 oder

1460 3268 1804 3323 verblenden
1838 3268 2050 3335 lassen3
2090 3269 2324 3325 deshalb
2360 3268 2487 3339 gibt
2522 3286 2583 3323 er

1461 3338 1583 3394 sich
1618 3340 1776 3394 nicht
1809 3339 1999 3409 gleich
2045 3340 2163 3410 hin,
2219 3340 2457 3395 sondern
2506 3339 2584 3396 ist

1458 3409 1541 3463 im
1569 3410 1864 3481 Gegenteil
1890 3411 2094 3466 darauf
2123 3411 2417 3481 gerichtet,
2454 3410 2583 3465 dem

1459 3480 1682 3535 Redner
1715 3485 1901 3551 gen'an
1938 3482 2321 3552 anfzupassen.
2405 3482 2488 3536 Ist
2522 3498 2585 3537 er
2614 3513 2623 3521 ·

1461 3552 1597 3607 aber
1633 3552 1842 3607 einmal
1877 3568 2213 3623 gewonnen,
2257 3553 2416 3607 daun
2451 3552 2585 3607 hort

1461 3624 1607 3677 auch
1632 3624 1723 3678 die
1752 3622 2107 3694 anfang'liche
2128 3623 2585 3693 Zuriickhaltung

1461 3693 1565 3748 auf
1604 3693 1813 3763 (Quint.
1866 3696 1961 3763 IX,
2007 3701 2059 3763 4,
2112 3700 2211 3749 129
2257 3694 2423 3749 iudex
2470 3711 2583 3750 non

1451 3764 1645 3819 ‘solum
1680 3782 1800 3819 rem
1835 3766 2008 3833 tenet,
2046 3766 2146 3821 sed
2184 3765 2351 3821 etiam
2382 3767 2583 3836 captus

1462 3837 1547 3890 est
1583 3836 1833 3891 oratione
1882 3839 1940 3893 et
1984 3854 2042 3891 se
2087 3837 2265 3892 credit
2308 3836 2486 3893 actori
2523 3838 2585 3892 et

1459 3906 1755 3977 voluptate
1790 3908 1905 3962 iam
1943 3907 2208 3979 ducitur);
2248 3924 2309 3964 er
2341 3908 2419 3963 ist
2454 3907 2579 3963 dem

1459 3977 1683 4033 Redner
1718 3978 1961 4049 geneigt,
1998 3979 2146 4033 sieht
2182 3996 2239 4033 es
2260 3996 2414 4051 gern,
2453 3980 2581 4034 dass

1462 4065 1523 4104 er
1571 4048 1674 4103 auf
1720 4049 1821 4103 der
1870 4050 2371 4121 eingeschlagenen
2420 4050 2582 4104 Bahn

1459 4119 1716 4190 fortgehe
1754 4120 1869 4174 und
1895 4121 2223 4176 bewundert
2236 4121 2389 4175 scine
2400 4120 2581 4175 Rede-

1459 4190 1634 4246 kunst
1684 4192 1827 4248 ohne
1862 4191 2130 4247 tadelnde
2166 4191 2379 4257 Kriffik3
2442 4192 2581 4246 imi·

1461 4262 1647 4317 dictur
1680 4262 1788 4318 wie
1826 4262 1894 4318 de
1932 4280 2009 4319 or.
2046 4264 2089 4333 I,
2130 4268 2250 4317 136.

1535 4369 1589 4437 b)
1627 4374 1657 4435 ξ
1694 4375 1818 4425 211.
