2949 4647
368 82 497 146 130

263 261 366 312 187

1170 77 1470 134 ORATOR
1507 84 1592 136 56.
1635 83 1932 133 187—189.

557 247 782 318 Quodsi
829 254 891 307 et
935 255 1190 326 angusta
1230 245 1521 324 quaedam
1566 254 1743 324 atque
1791 247 2028 306 concisa
2086 253 2147 306 et
2192 245 2302 304 alia
2348 253 2440 305 est
2484 243 2729 305 dilatata

371 345 433 397 et
491 337 703 398 diffusa
759 337 974 415 oratio,
1038 353 1284 396 necesse
1341 343 1434 395 est
1486 335 1547 394 id
1601 353 1722 394 non
1775 333 2113 395 litterarum
2168 334 2437 396 accidere
2491 341 2726 412 natura,

375 425 482 486 sed
526 425 972 486 intervallorum
1018 423 1334 503 longorum
1381 430 1442 483 et
1486 421 1759 484 brevium
1805 425 2115 503 varietate3
2162 421 2379 502 quibus
2422 421 2729 501 implicata

375 523 553 593 atque
601 516 891 593 permixta
939 515 1130 574 oratio
1177 513 1458 591 quoniam
1503 520 1632 572 tum
1678 511 1907 574 stabilis
1953 519 2045 572 est
2090 519 2219 572 tum
2264 509 2537 572 volubilis
2546 558 2563 592 ‚
2616 529 2727 570 ne-

375 621 544 664 cesse
593 610 685 664 est
731 601 1025 665 eiusmodi
1070 610 1339 662 naturam
1387 602 1655 661 numeris
1702 603 2013 661 contineri.
2103 599 2253 660 Nam
2288 602 2578 662 circuitus
2603 599 2729 680 ille,
2756 610 2785 650 5

378 710 557 770 quem
603 709 778 772 saepe
824 693 944 752 iam
990 690 1262 770 diximuS‚
1315 691 1619 750 incitatior
1666 707 1917 751 numero
1962 691 2093 770 ipso
2140 689 2334 751 fertur
2381 696 2441 749 et
2484 687 2729 768 labitur,

379 779 572 860 quoad
617 782 925 860 perveniat
970 779 1044 840 ad
1089 780 1270 839 finem
1317 786 1377 839 et
1421 780 1674 838 insistat.

554 868 947 950 Perspicuum
997 875 1087 928 est
1130 869 1314 947 igitur
1368 858 1637 929 numeris
1693 869 1994 929 astrictam
2048 869 2379 928 orationem
2433 883 2565 928 esse
2622 865 2728 925 de-

267 972 370 1022 188
401 957 566 1038 bere,
613 975 818 1018 carere
866 956 1156 1018 versibus.

1258 955 1376 1016 Sed
1433 958 1489 1016 ei
1544 959 1780 1018 numeri
1832 958 2129 1037 poeticine
2184 958 2304 1016 sint
2358 973 2433 1016 an
2488 973 2563 1015 ex
2609 954 2729 1014 alio

375 1064 596 1125 genere
643 1045 899 1125 quodam
944 1045 1224 1125 deinceps
1283 1052 1375 1106 est
1428 1044 1764 1129 videndum.
1864 1045 2075 1106 Nullus
2131 1052 2225 1105 est
2277 1047 2459 1124 igitur
2513 1061 2727 1105 nume·
2760 1055 2817 1094 ιο
2927 1073 2928 1100 ἢ

374 1153 480 1196 rus
545 1143 711 1195 extra
773 1136 1062 1215 poeticOS,
1124 1144 1443 1214 propterea
1508 1133 1667 1212 quod
1732 1132 1973 1194 definita
2036 1142 2177 1196 sunt
2231 1151 2449 1212 genera
2514 1151 2728 1193 nume-

375 1240 598 1285 ΙὉΙἯῙΠ.

708 1222 856 1285 Nam
902 1226 1095 1283 omnis
1141 1222 1274 1283 talis
1310 1221 1439 1303 est,
1503 1231 1571 1283 ut
1625 1241 1781 1283 unus
1828 1224 1906 1283 sit
1962 1240 1994 1282 e
2048 1220 2258 1283 tribus,

2366 1221 2481 1282 Pes
2546 1223 2731 1302 enim,

377 1315 478 1392 qui
525 1311 842 1375 adhibetur
887 1311 958 1372 ad
1015 1329 1327 1393 numeros,
1385 1313 1644 1391 partitur
1702 1313 1765 1370 in
1824 1313 1955 1392 tria,
2019 1319 2087 1371 ut
2144 1329 2391 1372 necesse
2450 1313 2529 1372 sit
2588 1329 2728 1390 par-

375 1409 497 1462 tem
553 1401 726 1481 pedis
789 1409 892 1462 aut
957 1401 1262 1480 aequalem
1325 1418 1458 1460 esse
1523 1399 1694 1460 alteri
1755 1402 1912 1480 parti
1975 1407 2078 1460 aut
2139 1399 2325 1462 altero
2392 1407 2554 1460 tanto
2622 1407 2732 1459 aut

377 1492 581 1569 sesqui
629 1507 760 1550 esse
816 1491 1120 1550 maiorem.

1221 1487 1316 1549 lta
1379 1489 1446 1548 fit
1510 1487 1770 1567 aequalis
1834 1488 2126 1570 dactylus,
2189 1487 2411 1569 duplex
2470 1487 2729 1567 iambuS,
2760 1498 2817 1538 1⁵
2927 1477 2928 1552 ᾗ

378 1577 718 1658 sesquiplex
781 1597 996 1659 paean3
1062 1579 1165 1656 qui
1222 1576 1406 1658 pedes
1468 1579 1533 1636 in
1598 1580 1927 1638 orationem
1980 1595 2101 1636 non
2160 1577 2373 1638 cadere
2429 1578 2533 1656 qui
2584 1595 2728 1656 pos-

377 1663 564 1728 sunt?
639 1666 856 1746 quibus
922 1666 1130 1727 ordine
1194 1667 1403 1727 locatis
1468 1667 1628 1745 quod
1692 1666 1950 1728 efficitur
2024 1683 2413 1726 numerosum
2477 1666 2554 1725 sit
2619 1684 2729 1725 ne-

378 1774 546 1816 GGSSG
595 1765 702 1816 881..

268 1860 374 1911 189

375 1933 534 1995 dum.

558 1843 675 1905 Sed
724 1846 1061 1925 quaeritur,
1119 1862 1236 1925 quo
1283 1861 1535 1905 numero
1582 1853 1685 1904 aut
1729 1843 1947 1922 quibus
2001 1845 2380 1923 potissimum
2424 1844 2503 1904 sit
2548 1850 2727 1902 uten-

643 1932 913 1995 Incidere
978 1951 1120 1994 vero
1177 1951 1383 1995 omnes
1436 1935 1501 1993 in
1559 1934 1889 1994 orationem
1943 1935 2120 1993 etiam
2166 1949 2239 1992 ex
2284 1931 2399 1991 hoc
2455 1929 2729 2010 intellegi
2759 1943 2815 1983 20
2927 2003 2928 2016 1

374 2031 600 2105 potest,
655 2022 814 2102 quod
860 2040 1071 2083 versus
1119 2040 1292 2102 saepe
1349 2024 1412 2082 in
1468 2023 1734 2082 oratione
1791 2039 1900 2102 per
1954 2020 2415 2101 imprudentiam
2466 2019 2729 2080 dicimus

373 2227 446 2266 an
514 2209 802 2266 einzelnen
867 2211 1078 2266 Stellen
1143 2210 1310 2266 Lioht
1379 2209 1496 2264 und

370 2281 715 2338 Helldunkel
749 2281 1031 2338 lebhaflzer
1066 2282 1429 2337 hervortrete.

448 2361 497 2407 1.
546 2355 766 2409 concisa
801 2354 860 2408 in
895 2354 1167 2408 kiirzeren
1202 2354 1493 2408 unberbro-

371 2426 584 2480 chonen
622 2423 842 2494 Satzen,
881 2426 1090 2492 diffusa
1126 2424 1495 2479 auseinander

369 2494 647 2561 fliessend‚
684 2495 806 2551 sich
841 2496 1053 2551 breiter
1089 2495 1382 2565 ergehend,
1421 2494 1492 2549 de

372 2586 450 2624 or.
489 2568 560 2637 H,
591 2572 692 2623 159
733 2584 908 2691 {enus
946 2567 1216 2622 sermonis
1253 2582 1364 2621 non
1399 2568 1490 2635 fu-

369 2655 491 2694 sum
527 2655 594 2693 ac
629 2656 732 2709 pro
771 2654 928 2708 uens,
975 2639 1076 2693 sed
1112 2668 1178 2678 -—
1219 2639 1493 2693 concisum

371 2726 439 2765 ac
474 2710 768 2766 minutum.

443 2788 492 2836 2.
547 2781 854 2836 litterarum
905 2782 1008 2835 ete.
1073 2798 1134 2837 so
1188 2780 1341 2835 kann
1390 2780 1491 2835 das

371 2851 530 2907 nicht
577 2868 689 2906 von
744 2852 844 2907 der
898 2851 1351 2908 Bescbaffenheit
1393 2852 1495 2905 der

369 2922 742 2990 Buchstaben‚
759 2922 999 2978 condem
1014 2941 1122 2978 nur
1138 2938 1268 2977 vom
1287 2922 1492 2977 Wech-

371 2993 454 3047 sel
515 2993 614 3047 der
676 2993 945 3063 langeren
1017 2994 1151 3050 oder
1220 2994 1494 3049 kfirzeren

347 3064 590 3125 ,Pausen
624 3063 906 3117 kommen.

444 3140 494 3189 3.
532 3136 948 3189 intervallorum
988 3141 1116 3201 1813
1154 3136 1352 3205 quibus
1385 3136 1493 3191 etc.

372 3204 464 3260 die
501 3206 768 3275 ianget-en
812 3206 927 3262 und
972 3206 1242 3261 kiirzeren
1278 3207 1496 3261 Pausen

375 3276 704 3346 (Taktteile)
734 3276 1106 3333 durchziehen
1117 3278 1178 3333 in
1197 3278 1297 3332 der
1313 3284 1495 3347 gross-

371 3352 467 3403 ten
505 3347 1042 3418 Mannigfaltigkeit‚
1092 3349 1226 3405 bald
1261 3349 1494 3403 zuriick-

372 3420 609 3475 haltend
643 3419 778 3475 bald
814 3420 1021 3475 wieder
1045 3420 1367 3490 befliigelnd
1404 3419 1495 3475 die

322 3500 332 3509 ‘
369 3491 558 3559 Rede3
596 3508 657 3546 so
694 3492 874 3561 hitngt
907 3508 968 3545 es
1004 3508 1116 3547 von
1143 3491 1336 3545 diesen
1369 3508 1496 3547 ver-

375 3562 710 3617 schiedenen
754 3562 972 3617 numeri
1019 3562 1141 3630 (der
1175 3562 1350 3633 Folge
1395 3562 1497 3617 der

371 3634 508 3688 bald
552 3634 842 3690 mecheren
855 3676 868 3702 ,
924 3633 1058 3689 bald
1106 3634 1200 3688 lan
1269 3649 1497 3689 ameren

253 3770 259 3783 ι
369 3704 689 3775 Versfnsse)
727 3704 819 3773 ab,
855 3705 928 3760 ob
965 3705 1078 3759 und
1107 3722 1192 3759 we
1218 3704 1351 3759 cher
1369 3702 1497 3757 Teii

371 3776 474 3902 <gele
499 3774 872 3900 Regeganzen
911 3776 1128 3833 stabilis
1167 3776 1301 3832 oder
1335 3775 1493 3830 volu-

413 3864 436 3901 1
457 3864 506 3901 is
542 3864 588 3900 ιε
619 3889 630 3901 .

447 3923 494 3972 5.
535 3920 802 3973 contineri
838 3926 956 3976 102.

445 3990 712 4045 circuitus
727 3992 990 4057 περίοδος
1009 3993 1184 4060 (204);

371 4060 836 4145 prehensi03169
875 4062 1172 4117 conclusio.

447 4139 494 4188 6.
547 4132 844 4187 incitatior
885 4133 1064 4199 fertur
1111 4139 1204 4197 67;

449 4280 498 4329 8.
539 4274 902 4342 Perspicuum
925 4275 1042 4329 etc.
1060 4274 1318 4329 schliesst
1343 4274 1497 4329 diese

372 4360 556 4413 *ganze
609 4344 954 4416 Erbr'cerung
1013 4345 1112 4401 ab:
1178 4344 1279 4400 das
1344 4343 1499 4401 steht

1227 3996 1327 4045 149
1345 4006 1494 4045 com-

1268 4132 1496 4187 insistat

1603 2211 1723 2266 also
1770 2210 1854 2265 als
1888 2209 2153 2265 Resultat
2196 2208 2330 2264 fest.
2388 2207 2482 2263 die
2523 2207 2728 2262 kunst-

1600 2281 1867 2365 geraehte
1930 2280 2083 2336 Rede
2157 2297 2308 2337 muse
2370 2278 2731 2351 rhythmisch

1601 2353 1745 2421 sein3
1783 2368 1965 2409 carere
1998 2352 2243 2407 versibus
2280 2357 2398 2406 172.

1672 2461 1728 2529 2)
1764 2464 1795 2527 s
1834 2464 2131 2515 iss-190.

1674 2572 1757 2621 10.
1809 2568 2059 2635 deinceps
2106 2564 2345 2635 Seyffert
2398 2564 2570 2621 schol.
2620 2565 2730 2622 lat.

1599 2643 1629 2704 ς
1671 2644 1757 2705 11,
1793 2642 1843 2692 2.

1674 2713 1755 2764 11.
1809 2710 2053 2777 definita.
2134 2708 2210 2763 Es
2246 2708 2372 2777 gibt
2406 2707 2737 2776 uberhaupt·

1600 2798 1705 2835 nur
1741 2779 1834 2835 die
1860 2779 2184 2835 bestimmte
2200 2778 2418 2833 Anzahl
2453 2794 2565 2833 von
2602 2778 2731 2833 drei

1598 2852 1775 2906 Arten
1800 2868 1912 2906 von
1928 2850 2053 2920 Rhy
2054 2851 2266 2917 taimen,
2304 2851 2405 2904 das
2434 2848 2559 2903 sind
2586 2848 2731 2903 aber

1601 2923 1743 2978 eben
1780 2923 1872 2977 die
1907 2921 2250 3005 poetisehen,
2289 2919 2381 2975 die
2404 2920 2727 2986 Versffisse;
2792 2932 2801 2945 ‘

1601 2992 1836 3063 folglich
1890 2992 2017 3048 sind
2076 2992 2188 3047 alle
2242 2992 2567 3061 Rhythmen
2623 2990 2732 3045 der

1603 3064 1799 3120 Poesie
1838 3065 2117 3133 entlehnt,
2165 3079 2224 3117 es
2270 3062 2395 3133 gibt
2437 3080 2544 3117 nur
2587 3077 2730 3131 poe-

1602 3136 1785 3191 tische
1820 3135 2160 3205 Rhythmen.

1678 3212 1760 3262 12.
1794 3223 1893 3276 pes-
1925 3225 1965 3263 s.
2002 3206 2117 3261 ind.
2154 3204 2487 3287 Rhythmus.

1678 3284 1759 3334 16.
1807 3280 1985 3347 quip
1944 3278 2107 3347 pedes
2144 3278 2249 3333 etc.
2304 3274 2411 3329 wie
2466 3280 2613 3329 were
2662 3290 2727 3329 es

1602 3349 1877 3420 moglich,
1934 3350 2062 3403 dass
2112 3346 2265 3403 diese
2319 3346 2613 3402 Versfusse
2660 3344 2729 3399 in

1604 3420 1703 3475 der
1739 3420 1913 3475 Prosa.
1946 3420 2105 3475 nicht
2148 3419 2490 3474 vorkiimen?
2562 3416 2726 3471 Wer-

1603 3492 1711 3547 den
1766 3490 1917 3546 daun
1972 3490 2122 3545 diese
2175 3489 2501 3559 Rhythmen
2534 3488 2726 3557 (Vers-

1602 3562 1773 3631 flisse)
1823 3562 1885 3616 in
1929 3560 2238 3617 oratorisch
2287 3560 2559 3629 richtiger
2602 3560 2726 3613 An-

1604 3633 1860 3716 ordnung
1904 3632 2149 3714 gestellt,
2204 3648 2265 3686 so
2320 3630 2460 3685 wird
2513 3630 2614 3684 das
2661 3646 2729 3685 so

1602 3702 1895 3787 gebildete
1932 3700 2115 3757 Gan'ze
2161 3700 2485 3770 notwendig
2525 3701 2727 3770 ι1ιγὼ-

1602 3774 1781 3829 miseh
1816 3774 1938 3829 sein
1972 3780 2198 3829 mussen
2236 3775 2426 3842 (190a.
2462 3772 2567 3841 Ε..)

1677 3852 1758 3901 19.
1825 3846 1935 3901 Sed
1994 3847 2099 3901 etc.
2183 3842 2295 3899 Cic.
2351 3844 2546 3899 machi.
2595 3843 2727 3901 hier

1601 3917 1788 3988 gleich
1849 3916 2125 3986 vorlaufig
2182 3914 2387 3971 darauf
2441 3914 2725 3971 aufmerk·

1603 4005 1742 4055 sam,
1780 3988 1910 4043 dass
1945 4004 2109 4043 wenn
2144 3986 2288 4041 auch
2333 3986 2471 4041 alle
2507 3986 2728 4055 Rhyth-

1601 4076 1732 4115 men
1765 4058 1846 4115 im
1880 4058 2236 4129 prosaischen
2270 4056 2564 4112 Ausdruck
2598 4073 2724 4112 vor·

1601 4131 1895 4201 kommen‚
1960 4130 2105 4185 doch
2159 4129 2357 4185 darum
2404 4129 2563 4182 nicht
2612 4128 2729 4183 alle

1602 4202 1863 4272 gleichen
1896 4202 2059 4257 Wert
2094 4200 2185 4256 fur
2221 4200 2330 4255 den
2373 4198 2587 4255 Redner
2622 4200 2728 4253 ha-

1601 4273 1713 4329 ben
1748 4274 1873 4341 (191
1891 4272 1946 4327 ff.
1949 4274 2007 4343 ).
