2949 4647
339 119 424 184 38
709 125 717 138 ’
871 53 882 88 ⁸
1187 119 1490 175 ORATOR
1526 126 1575 176 4.
1616 125 1842 174 14—16.

335 306 447 350 nec
493 306 818 366 paucorum
863 287 1146 348 iudicium
1195 272 1842 366 reprehensionemque
1878 288 2203 365 pertimuit.
2266 286 2355 348 Ita
2392 294 2453 347 et
2480 285 2674 348 doctis

339 377 680 456 eloquentia
723 377 1024 457 popularis
1071 385 1131 439 et
1176 375 1414 436 disertis
1462 375 1701 455 elegans
1746 375 2015 464 doctrina
2060 375 2265 438 defuit.

229 462 290 547 4,
316 478 384 526 14
517 466 783 526 Positum
839 468 916 526 sit
969 467 1151 544 igitur
1205 466 1266 526 in
1321 466 1559 545 primis,
1617 463 1777 543 quod
1839 473 1975 544 post
2028 467 2213 544 magis
2277 464 2675 547 intellegetur,

339 557 466 616 sine
513 554 883 634 philosophia
929 573 1048 614 non
1093 573 1268 632 posse
1315 554 1472 614 effici
1508 571 1687 632 quem
1724 555 2067 631 quaerimus
2102 554 2507 633 eloquentem3
2552 571 2676 614 non

337 653 404 704 ut
449 647 510 704 in
557 663 624 704 ea
670 652 865 704 tamen
913 645 1108 703 omnia
1153 645 1290 720 sint,
1337 641 1442 702 sed
1479 652 1547 702 ut
1583 644 1669 702 sic
1708 641 1959 722 adiuvet,
2005 650 2073 702 ut
2107 641 2401 721 palaestra
2434 643 2672 702 histrio-
2704 651 2729 691 5

232 743 296 792 15
333 751 497 812 nem3
588 751 765 812 parva
831 735 989 792 enim
1054 734 1279 810 magnis
1345 749 1520 810 saepe
1594 732 1925 793 rectissime
1999 729 2407 793 conferuntur.
2527 731 2675 792 Nam

335 841 448 882 nec
495 821 670 882 latius
718 839 910 900 neque
957 823 1254 899 copiosius
1311 819 1382 880 de
1430 822 1659 898 magnis
1704 822 2006 898 variisque
2056 819 2240 883 rebus
2301 822 2429 882 sine
2485 820 2672 900 philo-

335 910 542 990 sophia
589 919 786 989 potest
832 912 1144 988 quisquam
1191 908 1417 990 dicere,
1486 911 1537 968 si
1592 909 1831 988 quidem
1890 910 2067 971 etiam
2122 911 2183 970 in
2228 908 2497 970 Phaedro
2544 909 2671 970 Pla-

333 1001 493 1060 tonis
549 999 664 1058 hoc
720 998 1009 1060 Periclem
1072 1000 1442 1078 praestitisse
1509 1000 1726 1059 ceteris
1786 998 1930 1059 dicit
1984 997 2322 1060 oratoribus
2380 998 2673 1080 SocrateS,

336 1089 494 1166 quod
539 1090 592 1148 is
631 1087 1004 1166 Anaxagorae
1050 1087 1279 1167 physici
1324 1088 1507 1148 fuerit
1550 1087 1809 1166 auditor3
1857 1106 1891 1147 a
1936 1105 2055 1165 quo
2101 1096 2306 1148 censet
2351 1106 2489 1148 eum
2535 1105 2673 1150 cum
2703 1097 2755 1137 1⁰

337 1177 448 1238 alia
483 1176 785 1255 praeclara
822 1176 1108 1255 quaedam
1145 1187 1206 1237 et
1241 1177 1551 1254 magnifica
1586 1176 1885 1257 didicisse,
1921 1185 2049 1237 tum
2084 1175 2333 1236 uberem
2366 1185 2429 1238 et
2467 1175 2669 1238 fecun-

336 1265 478 1326 dum
537 1267 719 1325 fuisse
776 1284 1144 1344 gnarumque
1201 1259 1389 1348 (quod
1447 1273 1539 1324 est
1593 1265 1966 1343 eloquentiae
2020 1258 2397 1347 maximum),
2455 1265 2671 1344 quihus

335 1357 620 1414 orationis
668 1354 858 1414 modis
903 1372 1171 1433 quaeque
1219 1355 1551 1414 animorum
1594 1362 1795 1432 partes
1849 1353 2241 1433 pellerentur3
2300 1355 2457 1432 quod
2514 1354 2673 1415 idem

295 1509 302 1513 ,
339 1442 436 1520 de,
461 1442 854 1504 Demosthene
901 1445 1225 1504 existimari
1269 1451 1494 1523 potest,
1550 1444 1719 1503 cuius
1768 1460 1841 1501 ex
1887 1442 2152 1521 epistolis
2206 1442 2469 1522 intellegi
2514 1443 2671 1524 licet,

341 1549 517 1612 quam
563 1533 843 1611 frequens
891 1533 1071 1592 suerit
1115 1531 1374 1592 Platonis
1421 1531 1671 1592 auditor.
1762 1529 1885 1590 Nec
1928 1549 2071 1591 vero
2120 1534 2246 1591 sine
2292 1531 2667 1612 philosopho-
2701 1540 2752 1579 15

333 1639 469 1680 rum
515 1619 824 1702 disciplina
866 1639 1053 1700 genus
1091 1629 1150 1681 et
1196 1623 1454 1700 speeiem
1502 1622 1791 1698 cuiusque
1848 1622 1938 1679 rei
1994 1639 2240 1680 cernere
2300 1639 2493 1699 neque
2543 1640 2672 1682 eam

1552 1755 1815 1810 laudibus
1852 1755 2020 1826 longe
2049 1757 2161 1810 ista
2188 1757 2263 1810 sit
2288 1755 2551 1826 maxima,
2588 1758 2673 1812 in·

409 1763 455 1811 1.
500 1773 809 1826 paucorum
855 1759 959 1810 etc.
1009 1757 1280 1811 brauchte
1330 1757 1448 1812 sich

1553 1827 1839 1882 flammare
1912 1826 2127 1881 animos
2201 1827 2552 1884 audientium
2615 1831 2674 1884 et

335 1843 434 1880 aus
473 1827 572 1880 der
608 1827 910 1882 tadelnden
945 1827 1131 1882 Kritik
1181 1828 1280 1882 der
1316 1829 1447 1882 Phi-

329 1898 604 1966 losophie,
654 1898 753 1951 der
787 1899 1315 1955 verschwindenden
1343 1899 1445 1953 Mi-

331 1970 558 2034 notitae
596 1969 780 2042 nichts
818 1989 884 2023 zu
919 1971 1172 2024 macheu.

402 2047 452 2094 2.
492 2041 706 2109 eleyans
740 2042 819 2094 im
849 2041 1160 2110 Gegensatz
1197 2058 1308 2096 von
1343 2057 1446 2110 po-

327 2111 540 2179 pularis
568 2110 658 2165 die
681 2111 890 2166 hbhere
913 2111 1444 2167 wissenschaftliche

331 2182 824 2252 (philosophische)
874 2183 1122 2253 Bildung
1171 2189 1264 2251 25,
1309 2183 1442 2258 *ng

401 2332 450 2379 3.
481 2326 729 2393 positum
763 2327 837 2379 sit
883 2325 966 2379 als
1004 2331 1203 2394 crater,
1255 2328 1446 2395 spater

327 2396 504 2449 nither
531 2414 601 2449 zu
627 2397 978 2451 erbrternder
997 2398 1126 2451 Satz
1149 2414 1301 2451 muss
1323 2398 1444 2452 also

328 2467 656 2535 ausgestellt
701 2467 950 2529 werden:
1008 2484 1068 2523 so
1113 2484 1320 2537 ponere
1365 2488 1446 2522 τι-

325 2538 502 2591 θέναι
573 2555 686 2593 von
757 2539 857 2592 der
918 2538 1278 2609 Aufstellnng
1348 2539 1446 2593 des

329 2608 536 2676 Satzes‚
584 2609 888 2677 ‚Themas‘‚
934 2610 1034 2665 der
1066 2611 1444 2681 Behauptung

327 2680 396 2734 de
413 2697 489 2735 or.
507 2682 548 2747 Ι,
567 2687 652 2736 65.
675 2681 743 2745 ΙΙ,
759 2688 844 2738 41.
871 2682 1112 2751 111,·145.
1150 2682 1304 2737 Brut.
1325 2689 1441 2737 165.

399 2758 448 2805 4.
487 2769 640 2820 quem
675 2754 1032 2821 quaerimus-⁹>
1065 2756 1252 2822 (quem
1275 2770 1442 2821 quae-

325 2822 556 2946 am-
597 2830 728 2948 a„
1037 2896 1426 2964 u.

558 2936 572 2961 ²
1429 2936 1442 2963 2

327 2964 380 3017 d.
420 2964 476 3017 h.
514 2964 616 3019 der
647 2966 1062 3021 vollkommene
1097 2966 1333 3021 Redner.

397 3040 447 3087 52
500 3041 562 3088 ut
617 3037 895 3102 palaestra
953 3039 1270 3091 histrionem
1321 3036 1440 3090 also

325 3105 484 3159 nieht
527 3107 698 3161 sowol
745 3108 920 3161 durch
956 3108 1282 3176 Mitteilung
1317 3124 1441 3176 spe-

327 3176 458 3231 eiell
529 3178 880 3233 technischer
942 3178 1439 3247 Faehkenntnisse,

326 3248 411 3301 als
447 3247 720 3303 vielmehr
765 3250 940 3303 durch
974 3250 1096 3303 ihre
1139 3249 1440 3319 allgemein

327 3319 571 3387 (formal)
600 3320 860 3375 bildende
875 3321 1037 3375 Kraft
1073 3319 1142 3374 de
1165 3337 1242 3375 or.
1259 3320 1354 3385 111,
1370 3326 1436 3374 83

326 3391 430 3443 hoc
467 3390 573 3444 tibi
610 3391 850 3459 primum
885 3391 1220 3461 persuadeas
1248 3390 1437 3459 velim,

325 3478 416 3515 me
465 3479 579 3515 non
627 3462 807 3519 multo
855 3479 1012 3516 secus
1046 3462 1263 3529 facere,
1314 3479 1442 3516 eum

325 3533 395 3586 de
442 3535 660 3587 oratore
708 3533 1014 3601 disputem,
1069 3549 1136 3586 ac
1179 3533 1439 3599 facerem,

325 3604 373 3657 si
427 3606 576 3657 esset
624 3604 766 3657 mihi
814 3605 884 3657 de
934 3603 1204 3657 histrione
1254 3603 1439 3658 dicen-

324 3676 484 3740 dnm3
520 3691 784 3744 negarem
821 3674 972 3729 enim
1009 3690 1176 3743 posse
1200 3691 1327 3727 eum
1354 3690 1440 3729 sa-

323 3745 582 3801 tisfacere
620 3747 680 3799 in
715 3748 896 3814 gestu,
939 3744 1048 3799 nisi
1083 3745 1438 3814 palaestram,

324 3814 433 3871 nisi
470 3818 676 3872 saltare
714 3816 1014 3871 didicisset.

397 3896 461 3943 6(
479 3905 662 3955 parva
689 3890 794 3942 ete.
833 3887 938 3941 wie
973 3887 1034 3940 in
1071 3887 1169 3941 der
1195 3887 1441 3941 bekann-

322 3961 419 4013 ten
466 3958 872 4013 Parallelstelle
918 3957 1073 4027 Virg.
1121 3958 1319 4027 Georg.
1358 3958 1437 4012 IV

327 4040 353 4084 1
363 4036 427 4085 76
452 4031 498 4084 si
513 4046 686 4099 parva
698 4029 836 4084 licet
847 4046 1180 4098 componere
1203 4030 1440 4099 magnis.

395 4108 447 4155 8.
483 4102 548 4155 in
589 4101 843 4155 Phaedro
889 4118 958 4170 p.-
981 4106 1084 4156 269
1112 4100 1158 4155 Ε
1181 4101 1210 4154 f
1243 4117 1283 4154 s.
1321 4099 1434 4155 ind.

323 4172 579 4227 Pericles.
617 4190 684 4225 zu
719 4173 855 4226 dicit
890 4172 1006 4225 und
1042 4173 1297 4227 didicisse
1323 4176 1440 4225 tum

324 4262 368 4297 s.
408 4243 460 4297 d.
497 4242 630 4297 krit.
665 4244 923 4312 Anhang.
1079 4282 1084 4287 -

399 4321 480 4369 12.
518 4317 818 4369 maximum
846 4315 996 4369 Brut.
1027 4321 1128 4369 279
1169 4313 1292 4382 quis
1328 4330 1441 4367 non

322 4384 599 4457 fateatur,
647 4404 772 4441 cum
811 4403 876 4441 ex
914 4386 1170 4441 omnibus
1207 4385 1440 4441 oratoris

1555 1914 1908 1968 quocumque
1944 1915 2032 1953 res
2068 1898 2323 1968 postulet
2356 1900 2523 1954 modo
2543 1899 2669 1954 flee-

1552 1972 1696 2051 tere,
1753 1970 1852 2037 qui
1886 1971 2012 2051 hac,
2031 1972 2241 2024 virtute
2292 1971 2533 2026 caruerit
2549 2013 2563 2038 ,
2608 1971 2672 2026 id

1553 2056 1624 2165 3².
1644 2039 2670 2194 ῖεῑὲῆθῗξὲωξπςέῑῑῖὲξὲἐὲξεὲἕ

1550 2199 1755 2250 maius,
1812 2200 1980 2252 quam
2025 2185 2089 2237 ut
2134 2183 2325 2238 faveat
2372 2186 2586 2240 oratori
2620 2187 2670 2243 is

1553 2253 1649 2322 qui
1686 2253 1893 2323 audiet,
1942 2253 2135 2325 utique
2172 2253 2290 2325 ipse
2329 2253 2408 2309 sic
2445 2259 2670 2314 movea-

1551 2328 1660 2391 tur,
1710 2328 1776 2380 ut
1824 2327 2039 2397 impetu
2092 2326 2334 2395 quodam
2386 2328 2561 2383 animi
2612 2334 2672 2386 et

1552 2397 1970 2465 perturbatione
2015 2396 2196 2466 magis
2243 2414 2411 2473 quam
2456 2400 2667 2457 iudicio

1554 2470 1654 2520 aut
1690 2467 1923 2522 consilio
1958 2472 2203 2537 regatur.
2286 2468 2398 2524 Cic.
2437 2470 2540 2527 hat
2576 2473 2667 2527 die

1554 2537 1754 2592 beiden
1790 2538 2305 2609 Hauptfunctionen
2344 2540 2441 2595 des
2480 2548 2671 2599 orator

1549 2610 1629 2663 im
1666 2611 1843 2678 Auge,
1880 2610 1977 2665 das
2013 2610 2291 2665 delectare
2328 2614 2667 2689 (conciliare)

1551 2680 1666 2733 und
1723 2680 1945 2735 flectere
2005 2684 2270 2750 (movere,
2322 2700 2665 2755 permovere,

1553 2752 1868 2818 concitare),
1906 2752 2006 2805 das
2036 2748 2247 2820 ἠθικόν
2282 2750 2398 2807 und
2425 2760 2668 2825 παθητι·

1552 2818 1657 2875 κόν
1697 2828 1780 2877 69.
1825 2829 1923 2877 128
1971 2824 2039 2877 de
2079 2841 2156 2877 or.
2195 2824 2235 2893 I,
2276 2830 2395 2879 219.
2435 2826 2505 2891 II,
2546 2834 2665 2883 115.

1557 2899 1674 2947 121.
1724 2898 1843 2949 128.
1890 2900 2009 2948 310.
2055 2894 2208 2948 Brut.
2261 2888 2377 2950 181
2428 2903 2547 2953 276.
2596 2900 2667 2955 de

1553 2966 1667 3033 opt.
1707 2981 1832 3034 gen.
1871 2972 2016 3019 or.3.
2056 2984 2097 3019 s.
2135 2966 2277 3033 ind.;
2315 2969 2513 3035 quibus
2540 2987 2667 3025 ora-

1549 3036 1719 3088 tionis
1739 3036 1913 3090 modis
1940 3052 2011 3090 se.
2043 3036 2233 3105 animi,
2262 3054 2378 3091 was
2409 3055 2510 3093 aus
2538 3042 2668 3096 dem

1547 3105 1849 3174 folgenden
1896 3108 2206 3179 animorum
2260 3108 2665 3167 heraufzuneh-

1548 3193 1679 3230 men
1713 3177 1804 3231 ist.

1624 3254 1705 3305 13.
1734 3264 1975 3317 quaeque
2001 3250 2312 3305 animorum
2329 3259 2523 3320 partes
2551 3256 2667 3310 und

1547 3318 1649 3372 auf
1668 3318 1879 3373 welche
1906 3319 2005 3373 der
2027 3321 2455 3387 verschiedenen
2476 3324 2667 3381 Seiten

1547 3389 1647 3443 der
1717 3389 2130 3444 menschlichen
2194 3392 2353 3447 Seele
2424 3397 2668 3465 gewirkt

1547 3460 1713 3526 πάι-ἀς
1746 3462 2077 3527 pellerentwr
2119 3469 2234 3517 17⁷.
2277 3481 2351 3519 or.
2391 3470 2536 3535 part.
2576 3475 2628 3523 4.

1622 3537 1705 3587 15.
1733 3532 1851 3585 Nee
1876 3548 2001 3586 vero
2027 3534 2331 3589 besonders
2358 3538 2465 3591 mit
2478 3540 2666 3596 Riick-

1548 3602 1697 3657 sicht
1746 3603 1848 3656 auf
1876 3602 1967 3656 die
2013 3603 2185 3658 dritte
2222 3606 2667 3677 Hauptfunetion

1548 3674 1647 3739 des
1682 3672 1949 3741 Redners,
1986 3674 2085 3728 das
2120 3676 2357 3743 probare
2396 3680 2531 3734 oder
2567 3682 2666 3736 do-

1548 3760 1689 3811 cere,
1726 3743 1816 3798 die
1854 3761 1916 3799 er
1950 3744 2096 3800 ohne
2118 3746 2391 3803 Kenntnis
2420 3750 2520 3804 der
2547 3752 2668 3807 drei

1548 3815 1703 3869 Teile
1742 3814 1840 3869 der
1875 3815 2256 3886 Philosophie,
2302 3820 2401 3873 der
2436 3822 2663 3895 Dialek·

1547 3886 1635 3941 tik
1652 3885 1893 3955 (Logik),
1930 3886 2143 3955 Physik
2170 3890 2283 3943 und
2305 3890 2478 3945 Ethik
2506 3894 2666 3949 nicht

1547 3956 1865 4081 ausfriehten
1901 3957 2054 4011 kann
2096 3965 2195 4014 116
2211 3959 2266 4014 ff.
2296 3968 2395 4016 119
2422 3963 2490 4017 de
2515 3981 2596 4023 or..
2618 3967 2663 4033 Ι,

1620 4104 1703 4153 16.
1738 4099 1965 4167 speeiem
1996 4107 2094 4155 116
2122 4100 2262 4169 (eius
2289 4104 2508 4171 generis
2546 4106 2665 4162 sive

1544 4170 1758 4224 formae
1786 4170 1903 4223 sive
1924 4173 2131 4239 partes)
2172 4180 2302 4239 1173
2342 4174 2479 4244 Top.
2498 4183 2567 4231 30
2605 4180 2665 4233 in

1547 4240 1823 4295 divisione
1838 4242 2009 4307 (sunt)
2033 4240 2265 4309 formae,
2306 4262 2447 4313 quas
2462 4247 2666 4304 Graeci

1550 4311 1674 4379 εἴὸᾒ
1724 4313 1953 4378 vocant,
2009 4312 2211 4379 nostri,
2278 4317 2325 4369 si
2376 4317 2471 4385 qui
2524 4320 2664 4375 haec

1547 4382 1693 4439 forte
1742 4384 2011 4451 tractant,
2079 4385 2289 4453 species
2355 4390 2665 4459 appellant,
