2949 4647
308 123 397 188 92
1094 125 1395 182 ORATOR.
1413 131 1517 182 ·35.
1558 129 1854 182 122-124.

294 291 549 354 efficere
597 313 717 356 non
761 294 1125 375 perturbate,
1181 295 1287 356 sed
1333 294 1580 373 singulis
1626 294 2239 374 argumentationibus
2283 297 2365 357 ita
2411 295 2650 356 conclu-

310 381 519 442 (lendis
528 429 547 464 ,
616 392 684 446 ut
738 384 1028 445 efficiatur
1082 385 1240 463 quod
1298 386 1377 445 sit
1428 401 1804 464 consequens
1859 386 1947 444 eis
2003 402 2152 463 quae
2211 393 2523 447 sumentur
2577 385 2650 446 ad

311 487 605 550 quamque
652 489 782 534 rem
828 473 1314 552 confirmandam3
1369 481 1508 552 post
1559 475 1758 534 omnia
1800 476 2240 553 perorationem
2283 474 2648 535 inflamman-

312 567 435 620 tem
480 563 1021 641 restinguentemve
1068 559 1467 623 concludere?
1532 561 1652 622 Has
1679 571 1882 642 partes
1911 562 2412 642 quemadmodum
2433 570 2652 624 tractet

315 649 600 731 singulae,
656 649 892 713 difficile
940 651 1103 712 dictu
1149 659 1241 712 est
1282 651 1397 711 hoc
1442 651 1600 731 loco;
1657 670 1768 712 nec
1821 654 1982 713 enim
2037 669 2272 732 semper
2315 660 2702 725 tractantur}

207 750 307 800 123
338 755 457 798 uno
504 739 697 802 modo.
788 739 1082 810 Quoniam
1124 746 1489 801 autemnon
1537 759 1714 819 quem
1761 741 2003 802 doceam
2041 759 2280 821 quaero,
2325 741 2432 802 sed
2470 759 2650 820 quem

309 827 587 909 probem,
649 827 912 907 probabo
976 831 1239 908 primum
1298 825 1453 909 eum,
1519 831 1623 908 qui
1685 830 1826 909 quid
1872 829 2080 891 deceat
2141 830 2380 914 videbit.
2485 830 2648 890 Haec

310 917 469 976 enim
516 919 801 996 sapientia
846 920 1097 978 maxime
1145 917 1472 978 adhibenda
1529 917 1830 997 eloquenti
1884 928 2001 999 est,
2053 925 2124 980 'ut
2179 921 2258 980 sit
2309 928 2650 999 temporum

310 1022 822 1085 personarumque
866 1006 1224 1068 moderator.
1296 1006 1445 1068 Nam
1484 1025 1594 1068 nec
1641 1025 1878 1086 semper
1923 1025 2034 1068 nec
2081 1007 2236 1088 apud
2281 1027 2488 1069 omnes
2535 1026 2646 1068 nec

309 1111 421 1172 pro
476 1093 752 1156 omnibus
804 1114 917 1156 nec
981 1095 1255 1156 omnibus
1320 1095 1530 1156 'eodem
1589 1096 1786 1156 modo·
1829 1097 2146 1158 dicendum
2209 1096 2484 1158 arbitror.
2549 1096 2732 1156 ..lm

312 1184 427 1243 erit
473 1201 615 1264 ergo
664 1182 965 1266 eloquens,
1012 1187 1116 1263 qui
1162 1184 1234 1245 ad
1280 1185 1359 1264 id,
1406 1184 1824 1264 quodcumque
1870 1184 2123 1265 decebit,
2149 1188 2371 1266 poterit
2417 1203 2647 1246 accom-

205 1267 290 1334 36
310 1271 551 1332 modare
598 1275 942 1334 orationem.
1034 1273 1208 1345 Quod
1254 1290 1391 1334 cum
1438 1276 1730 1353 statuerit,
1757 1282 1903 1334 'tum
1920 1322 1937 1355 ,
1978 1282 2047 1335 ut
2088 1275 2354 1354 quidque
2399 1277 2517 1335 erit
2561 1274 2646 1334 di-

312 1361 582 1443 cendum,
628 1365 711 1422 ita
755 1362 930 1444 dicet,
976 1357 1087 1424 nec
1135 1370 1336 1424 satura
1380 1364 1578 1423 ieiune
1625 1380 1736 1424 nec
1783 1362 2026 1441 grandia
2075 1365 2301 1447 minute
2350 1381 2462 1424 nec
2508 1365 2654 1424 item

208 1465 311 1514 124
323 1458 547 1531 contra,
593 1451 699 1512 sed
744 1453 859 1511 erit
903 1449 1087 1528 rebu's
1130 1454 1299 1532 ipsis·
1322 1469 1429 1530 par
1477 1459 1537 1512 et
1583 1451 1841 1530 aequalis
1889 1454 2104 1533 oratio3
2149 1455 2442 1533 principia
2481 1470 2652 1522 yere-

314 1539 535 1619 cunda,
588 1539 851 1600 nondum
906 1539 1075 1600 elatis
1130 1542 1371 1601 incensa
1416 1539 1641 1622 verbis,
1697 1539 1801 1600 sed
1857 1549 2030 1603 acuta
2085 1543 2394 1604 sententiis
2441 1541 2537 1602 vel
2580 1541 2654 1602 ad
2679 1554 2731 1596 15

312 1691 537 1762 neades)
593 1693 811 1748 nullam
862 1709 1132 1762 umquam
1194 1693 1254 1747 in
1318 1693 1430 1749 suis

314 1761 787 1831 disputationibus
806 1779 925 1818 rem
950 1763 1217 1833 defendit,
1257 1782 1428 1834 quam

312 1847 425 1888 non
467 1834 742 1904 probarit,
796 1835 1011 1890 nullam
1067 1835 1431 1907 oppugnavit,

315 1920 486 1972 quam
522 1923 634 1961 non
670 1905 951 1962 everterit.
1085 1961 1097 1972 ,
1124 1911 1131 1918 ’

387 1981 435 2032 1.
486 1991 602 2032 non
644 1979 967 2046 pertua-bate
1022 1977 1181 2033 nicht
1234 1979 1431 2033 durch-

314 2045 605 2117 einander,
654 2049 707 2104 d.
743 2050 798 2105 h.
837 2049 1011 2104 nicht·
1030 2066 1119 2118 s0,
1175 2050 1303 2104 dass
1339 2049 1431 2104 die

312 2118 565 2188 logische
602 2119 872 2190 Ordnung
915 2123 1127 2190 'gestor-t
1170 2119 1311 2175 wird
1356 2121 1429 2177 ad

314 2189 445 2244 Her.
492 2191 535 2259 Ι,
586 2197 679 2259 153
744 2193 837 2246 sed
897 2193 1134 2261 sinyulis
1196 2193 1302 2246 etc.
1366 2209 1429 2246 so

315 2260 444 2316 dass
490 2278 623 2318 man
658 2263 749 2317 die
781 2261 1151 2335 J‘edesmalige
1187 2262 1429 2317 Beweis·

313 2332 560 2403 fiihrung
619 2335 767 2391 nach
828 2334 937 2389 den
984 2334 1275 2403 logischen
1297 2358 1301 2363 ·
1324 2334 1429 2389 Ge-

313 2406 504 2459 setzen
562 2406 662 2461 der
711 2403 1237 2475 Schlussfolgerung
1288 2405 1431 2461 voll-

312 2475 487 2541 zieht3
544 2477 927 2532 concludendis
959 2494 1089 2531 zum
1126 2476 1429 2531 Abschluss

312 2546 565 2618 bringen,
602 2547 1003 2616 durchfiihren,
1051 2564 1093 2601 s.
1132 2553 1163 2613 5
1198 2553 1223 2601 1
1238 2554 1303 2602 37
1344 2564 1429 2603 ar—

312 2621 643 2689 gumentum
677 2619 899 2675 ratione
934 2618 1250 2687 concludat,
1297 2618 1432 2674 §.hn-

312 2689 426 2745 lich
474 2691 581 2746 wie
627 2691 903 2755 ambitum
940 2690 1285 2758 concludere,
1332 2706 1432 2759 -pe—

311 2762 557 2819 riodisch
592 2763 895 2819 abrunden.
1092 2789 1096 2797 ·
1240 2790 1246 2795 ·

384 2839 433 2889 2.
498 2836 775 2903 efficiatur
827 2838 955 2902 115,
1012 2831 1152 2900 ‚sich
1207 2832 1431 2903 ergibt‘3

314 2908 459 2976 quod
494 2908 567 2961 sit
602 2908 709 2959 etc.
746 2921 861 2959 was
896 2903 1004 2958 mit
1037 2903 1261 2958 innerer
1294 2904 1435 2958 Not·

312 2975 655 3046 wendigkeit
714 2993 813 3031 aus
870 2974 979 3029 den
1038 2992 1165 3028 zum
1212 2973 1428 3032 Beweis

314 3048 604 3109 erforderl„
636 3046 1161 3113 Voraussetzungen
1196 3043 1356 3113 folgt.

386 3126 435 3174 3.
468 3124 595 3189 post
628 3118 815 3173 omnia
844 3146 912 3155 —-
943 3116 1259 3170 concludere
1294 3132 1336 3171 s.
1375 3115 1428 3169 d.

313 3192 445 3245 krit.
494 3190 667 3257 Anh.;
729 3189 1158 3256 inflammantem
1202 3188 1309 3241 etc.
1360 3187 1429 3241 de

314 3279 391 3318 or.
428 3262 499 3330 H,
538 3267 639 3317 332
679 3258 868 3315 omnia
903 3258 1277 3313 concludenda
1311 3257 1431 3326 ple-

312 3350 547 3403 rumque
583 3332 749 3387 rebus
784 3328 1055 3399 augendis
1086 3327 1181 3383 vel
1212 3330 1431 3397 inflam-

314 3408 515 3471 mando
552 3402 739 3458 iudice
772 3402 867 3456 vel
902 3400 1225 3469 mitiyando.

387 3482 434 3532 5.
472 3478 573 3532 hoe
607 3476 738 3541 loco,
773 3488 862 3527 wo
892 3488 960 3526 es
996 3470 1117 3525 sich
1151 3469 1311 3525 nicht
1337 3488 1434 3524 um

316 3547 439 3603 eine
466 3544 903 3603 ausfiihrlichere
929 3541 1320 3609 theoretische,
1345 3541 1435 3595 ins

314 3620 581 3675 Einzelne
663 3615 915 3687 gehende
986 3612 1432 3681 Unterweisung,

261 3698 277 3712 '
316 3692 557 3747 sondern
590 3688 751 3745 mehr
774 3704 873 3741 nm
887 3683 1244 3753 Aufstellung
1281 3683 1432 3737 eines

315 3763 519 3835 allgem
527 3760 689 3815 einen
731 3755 1071 3813 Massstabes
1124 3754 1241 3809 und
1285 3770 1435 3809 πται·

314 3834 412 3889 des
448 3833 721 3889 hochsten
763 3828 855 3883 fiir
890 3827 997 3881 den
1032 3826 1257 3881 Redner
1291 3824 1433 3880 han-

315 3906 451 3964 delt.
489 3922 531 3961 s.
570 3903 623 3957 d.
658 3900 791 3954 krit.
816 3898 988 3963 Anh.;
1024 3913 1123 3952 nec
1156 3898 1301 3951 enim
1323 3900 1430 3951 eto.

313 3978 423 4033 wie
470 3976 588 4031 dies
633 3992 676 4026 z.
713 3971 776 4027 B.
817 3971 887 4024 de
924 3984 1003 4023 or.
1038 3968 1109 4035 II,
1149 3974 1430 4025 sva-213..

314 4054 419 4104 215
438 4049 495 4105 ff.
533 4045 649 4101 und
682 4044 840 4099 sonat
873 4039 1051 4094 nahor
1082 4038 1432 4120 nacbgewie-

313 4138 409 4175 sen
482 4117 647 4174 wirdz
724 4110 1013 4183 ,tractatio
1083 4125 1242 4163 vana
1314 4124 1433 4165 esse

314 4192 525 4248 debet‘.

386 4270 437 4317 6.
474 4278 589 4317 non
623 4273 777 4329 quem
812 4256 1031 4309 doceam
1066 4249 1211 4305 Ein-l.
1250 4256 1280 4316 ξ
1318 4257 1369 4305 4.

388 4338 435 4389 ’1.
469 4332 713 4403 probabo
759 4342 819 4380 so
864 4322 1005 4377 wird
1050 4336 1109 4375 es
1156 4320 1297 4376 eben
1344 4322 1435 4376 fiir

315 4404 509 4461 diesen
554 4402 777 4458 meinen
814 4392 1013 4449 Zweck
1055 4391 1180 4447 hier
1222 4393 1431 4448 ausrei-

1540 1693 1698 1762 chen,
1736 1693 1844 1749 den
1867 1694 1946 1748 all
1986 1695 2241 1750 emeinen
2259 1694 2659 1765 Hauptgrund-

1541 1765 1658 1818 satz
1709 1763 1959 1820 aufzuste
2007 1781 2099 1819 en:
2151 1783 2262 1824 von
2313 1765 2441 1820 dem
2491 1764 2654 1820 Mei-

1539 1837 1701 1902 ster,
1739 1835 1850 1906 den
1883 1835 1975 1890 ich
2002 1836 2082 1890 im
2102 1836 2263 1907 Auge
2285 1836 2449 1906 habe,
2473 1836 2658 1891 werde

1539 1906 1632 1961 ich
1703 1907 2006 1977 vex-langen
2077 1913 2303 1962 mfissen
2386 1907 2656 1978 (probabo

1541 1978 1714 2046 eum);
1770 1979 2018 2047 primum
2065 1995 2182 2048 ,vor
2228 1979 2415 2034 allem‘
2461 1979 2532 2033 de
2577 1994 2654 2032 or.

1539 2049 1609 2119 II,
1637 2053 1740 2103 238
1778 2049 1918 2105 haec
1945 2048 2265 2105 adhibenda
2293 2051 2378 2105 est
2410 2049 2654 2119 primum

1535 2117 1597 2174 in
1631 2119 1865 2175 iocando
1902 2121 2242 2189 moderatio;
2303 2122 2440 2190 quid
2476 2121 2658 2176 deceat

1609 2267 1658 2317 8.
1714 2267 1778 2316 ut
1825 2255 1901 2316 sit
1949 2263 2054 2319 etc.
2106 2263 2214 2318 wie
2264 2283 2308 2318 z.
2346 2263 2409 2319 B.
2456 2261 2516 2317 in
2550 2263 2654 2318 Be-

1538 2334 1780 2403 ziehung
1841 2334 1944 2389 auf
1988 2334 2079 2391 die
2133 2336 2504 2404 Anwendung
2557 2335 2654 2389 des

1537 2404 1750 2459 Witzes
1803 2404 1916 2459 und
1967 2405 2065 2460 der
2102 2405 2284 2461 Satire
2335 2406 2412 2475 de,
2462 2422 2538 2460 or.
2587 2406 2655 2475 ΙΙ,

1539 2482 1642 2531 229
1679 2493 1781 2531 vor
1825 2476 1994 2531 allem
2040 2477 2300 2547 verlangt
2343 2476 2509 2531 wird:
2560 2478 2657 2531 ha-

1539 2547 1659 2630 beri
1693 2546 1971 2620 rationem
2007 2547 2322 2619 hominum,
2366 2548 2466 2618 rei,
2517 2550 2658 2602 tem-

1540 2634 1706 2689 pons.
2213 2632 2222 2641 ⁸
2473 2630 2476 2633 ’

1613 2695 1684 2743 9.·
1713 2703 1844 2743 nam
1901 2704 2000 2745 nec
2043 2704 2248 2759 semper
2287 2692 2392 2745 etc.
2441 2694 2538 2757 713
2591 2688 2659 2745 de

1543 2776 1620 2817 or.
1659 2760 1755 2828 ΙΙΙ,
1793 2764 1897 2814 210
1927 2760 1963 2815 f.

1615 2836 1698 2886 13.
1745 2836 1942 2886 satura
1987 2830 2085 2887 das
2129 2831 2500 2903 reichhaltige
2544 2832 2660 2887 und

1543 2902 1991 2976 mannigfaltige.
2255 2902 2257 2907 ’

1613 2980 1696 3027 14.
1724 2974 2018 3043 prineipz’a
2053 2974 2124 3028 de
2161 2990 2238 3029 or.
2266 2973 2336 3044 ΙΙ,
2363 2979 2466 3029 315
2505 2975 2656 3045 prin-

1539 3043 1688 3114 cipia
1742 3044 1965 3100 dicendi
2015 3061 2234 3115 semper
2289 3047 2552 3101 accurata
2602 3048 2660 3101 et

1539 3120 1705 3170 acuta
1741 3116 1799 3171 et
1833 3114 2108 3171 instructa
2158 3116 2450 3172 sententiis
2458 3158 2477 3184 ,
2523 3118 2658 3187 'apta

1538 3186 1722 3242 verbis
1769 3218 1837 3227 —
1887 3203 2006 3242 esse
2051 3188 2282 3253 debent3
2346 3184 2530 3257 prima
2575 3189 2661 3243 est

1541 3258 1690 3340 enim
1719 3260 2108 3314 commendatio
2137 3258 2404 3341 orationis
2431 3258 2492 3313 in
2510 3260 2660 3341 prin-

1541 3334 2099 3455 221353136133301?
2103 3330 2438 3456 ῗεὴῖῗέἓῗ
2434 3374 2493 3456 ἐή
2519 3348 2660 3472 3ξὲ

1542 3471 2452 3599 ἓὲἶαὲοὲιὛέξῆοῗὲἓιιῖἓὲθὸἒὲ
2501 3487 2658 3599 ἔὲγῖ

2419 3599 2422 3600 ν
2568 3585 2578 3598 ·
2645 3584 2659 3611 2

1616 3688 1699 3738 15.
1737 3686 1980 3739 nondum
2015 3686 2172 3741 elatis
2209 3688 2314 3741 etc.
2353 3685 2539 3751 Quint.
2558 3685 2654 3754 IV,

1545 3760 1592 3823 1,
1632 3758 1699 3808 58
1737 3754 1879 3809 illud
1916 3772 1983 3811 ex
2017 3758 2333 3827 praeceptis
2368 3756 2657 3812 veteribus

1539 3828 1746 3895 manet,
1800 3843 1873 3895 ne
1923 3827 2070 3896 quod
2119 3826 2362 3882 insolens
2408 3827 2660 3896 verbum,

1539 3912 1610 3951 ne
1647 3897 1912 3953 audacius
1945 3898 2301 3966 translatum,
2337 3914 2408 3953 ne
2447 3901 2549 3953 aut
2586 3900 2657 3953 ab

1541 3968 1798 4023 obsoleta
1840 3970 2121 4023 vetustate
2177 3971 2278 4023 aut
2322 3968 2546 4039 poetica
2593 3967 2660 4024 li-

1541 4038 1730 4094 centia
1779 4042 2064 4111 sumptum
2121 4040 2182 4093 in
2236 4040 2516 4109 principio
2565 4039 2660 4095 de-

1539 4110 1943 4179 prehendatur3
1973 4112 2047 4164 ad
2073 4112 2420 4178 offensionem
2447 4110 2518 4165 de
2545 4110 2657 4167 inv.

1541 4181 1583 4250 Ι,
1621 4187 1688 4235 22
1738 4180 2130 4255 benevolentia
2183 4184 2540 4251 comparatur
2584 4182 2657 4236 ab

1540 4253 1733 4307 nostra
1767 4267 2021 4323 persona,
2059 4252 2107 4306 si
2144 4252 2214 4307 de
2249 4252 2456 4307 nostris
2493 4252 2658 4309 factis

1542 4324 1602 4378 et
1637 4322 1834 4377 officiis
1871 4323 1988 4377 sine
2023 4324 2356 4393 adrogantia
2391 4323 2658 4392 dicemus,

1543 4424 1610 4435 -—
1649 4395 1722 4448 ab
1755 4394 2200 4451 adversariorum
2231 4396 2440 4463 autem,
2478 4394 2528 4449 si
2564 4410 2660 4449 eos
