2949 4647
1045 83 1344 140 ORATOR
1383 89 1466 140 11.
1506 64 1749 142 36-37J
2484 89 2572 152 49

217 269 354 312 mea
411 252 666 331 recepti3
723 253 786 311 in
841 269 958 330 quo
1016 260 1214 312 tamen
1271 250 1476 311 iudicii
1532 253 1725 312 nostri
1780 270 2049 314 errorem
2102 253 2231 314 laus
2287 253 2396 314 tibi
2450 254 2573 316 dati

218 341 494 402 muneris
541 339 963 418 compensabit.

407 427 525 488 Sed
571 430 633 488 in
679 430 842 490 omni
886 447 952 488 re
1010 427 1421 489 difficillimum
1465 436 1560 490 est
1613 430 1887 510 formam,
1944 432 2047 509 qui
2082 423 2427 512 ,χαρακτήρ
2490 429 2567 494 11
2609 445 2681 496 36

224 517 452 578 Graece
502 517 739 598 dicitur,
787 535 1083 597 exponere
1131 519 1356 600 optimi,
1404 517 1564 597 quod
1612 517 1769 578 aliud
1818 517 1945 578 aliis
1991 518 2226 580 videtur
2263 523 2571 600 optimum.

161 622 196 662 5
223 606 425 667 Ennio
473 605 754 687 delector,
809 607 890 666 ait
937 607 1246 687 quispiam,
1302 605 1461 685 quod
1508 625 1629 668 non
1674 607 1925 669 discedit
1979 626 2012 667 a
2058 610 2361 670 communi
2408 627 2572 671 more

223 694 576 775 verborum3
622 693 896 775 Pacuvio,
942 697 1136 774 inquit
1182 694 1350 776 aliuS,
1405 713 1613 758 omnes
1660 696 1817 776 apud
1864 697 2023 758 hunc
2070 700 2265 758 ornati
2312 697 2573 758 elabora-

223 787 394 863 tique
453 792 594 845 sunt
649 801 884 866 versuS,
949 783 1134 845 multa
1199 784 1354 864 apud
1417 783 1671 847 alterum
1735 785 2175 866 neglegentius3
2239 785 2331 846 fac
2394 787 2575 848 alium
2650 853 2657 864 ,

227 873 438 953 Acci03
485 875 645 934 varia
681 875 841 934 enim
877 882 1018 936 sunt
1053 873 1290 954 iudicia,
1335 881 1402 936 ut
1449 875 1511 934 in
1550 873 1807 948 Graecis»,
1854 893 1965 934 nec
2011 875 2199 941 facilis
2246 874 2579 956 explicatu),

227 980 382 1042 quae
451 961 642 1022 forma
706 963 957 1022 maxime
1023 961 1286 1022 excellat.

1395 963 1461 1023 In
1526 964 1777 1043 picturis
1842 963 1985 1024 alios
2050 962 2293 1025 horrida
2355 963 2579 1024 inculta

141 1064 200 1103 ιο
229 1069 435 1133 opaca,
483 1059 692 1112 contra
738 1050 882 1112 alios
927 1051 1114 1111 nitida
1158 1050 1308 1111 laeta
1355 1050 1697 1112 collustrata
1744 1051 2067 1114 delectant:
2114 1052 2257 1131 quid
2304 1061 2413 1134 est,
2459 1070 2578 1131 quo

225 1141 671 1220 praescriptum
717 1139 952 1218 aliquod
1000 1146 1102 1200 aut
1147 1139 1461 1201 formulam
1508 1142 1822 1221 exprimaS‚
1868 1159 2005 1202 cum
2043 1143 2104 1201 in
2142 1159 2253 1202 suo
2298 1141 2579 1221 quodque

227 1246 453 1308 genere
499 1237 764 1309 praestet
809 1237 868 1289 et
913 1246 1131 1307 genera
1175 1223 1348 1307 plura
1393 1225 1556 1290 sint?
1618 1228 1741 1289 Hac
1788 1247 1895 1308 ego
1943 1228 2228 1310 religione
2277 1249 2398 1291 non
2444 1248 2580 1290 sum

227 1316 307 1378 ab
353 1317 470 1378 hoc
516 1326 732 1378 conatu
776 1317 1056 1397 repulsus
1103 1319 1548 1396 existimavique
1602 1320 1667 1378 in
1722 1317 1995 1378 omnibus
2051 1318 2232 1381 rebus
2288 1337 2420 1380 esse
2476 1317 2577 1378 ali-

229 1405 379 1486 quid
425 1403 742 1487 optimum‘‚
809 1407 1039 1466 etiamsi
1091 1405 1329 1488 lateret,
1391 1406 1571 1486 idque
1628 1406 1701 1466 ab
1758 1425 1828 1467 eo
1875 1425 2080 1489 posse,
2145 1409 2250 1486 qui
2306 1409 2435 1468 eius
2490 1409 2581 1467 rei

145 1511 204 1551 15
234 1513 463 1576 gnarus
511 1501 689 1576 esset,
733 1496 999 1556 iudicari.

415 1581 532 1643 Sed
582 1586 860 1662 quoniam
903 1583 1074 1663 plura
1123 1591 1262 1646 sunt
1307 1586 1643 1645 orationum
1688 1603 1909 1663 genera
1954 1603 2141 1664 eaque
2197 1585 2429 1645 diversa
2474 1601 2578 1644 ne·
2618 1598 2694 1648 37

229 1691 354 1752 que
401 1673 466 1734 in
513 1690 694 1733 unam
738 1673 990 1734 formam
1037 1672 1256 1734 cadunt
1301 1675 1513 1754 omnia,
1558 1672 1965 1735 laudationum
2004 1682 2065 1736 et
2098 1674 2485 1735 historiarum
2520 1680 2583 1734 et

307 1867 357 1914 1.
443 1860 645 1915 iudicii
712 1860 891 1916 nostri
943 1877 1175 1916 errorem
1247 1864 1352 1917 etc.

225 1933 290 1986 d.
327 1932 383 1985 h.
433 1931 534 1986 der
567 1931 769 1998 Tadel‚
814 1933 944 1986 dem
990 1931 1113 1987 eine
1147 1931 1353 1986 Ueber-

231 2003 508 2058 schatzun
585 2003 796 2058 moines
832 2002 1110 2074 geistigen
1123 2003 1354 2058 Vei-mo-

227 2091 376 2144 gens
415 2073 498 2142 (iu
541 2073 633 2128 ‘cii
669 2076 930 2142 errorem)
969 2078 1117 2128 etwa.
1151 2074 1353 2145 begeg·

229 2162 348 2199 nen
397 2161 557 2214 mag,
621 2144 760 2199 wird
817 2145 937 2200 sich
997 2145 1356 2215 ausgleichen

233 2215 567 2284 (aufheben)
589 2215 766 2270 durch
787 2216 888 2271 das
903 2216 1042 2286 Lob,
1079 2217 1178 2271 das
1204 2217 1358 2271 mein

231 2289 407 2357 guber
451 2280 624 2343 wille
675 2285 760 2342 dir
809 2305 878 2343 zu
927 2287 1128 2343 dienen
1174 2288 1363 2343 finden

227 2358 400 2412 wird.
479 2358 780 2483 EAehnlich
842 2359 941 2414 der
1003 2358 1269 2415 Gedanke
1330 2365 1359 2427 ξ

233 2434 351 2484 238
391 2446 440 2483 a..
532 2470 543 2481 .

312 2507 366 2554 3.
428 2500 610 2567 forma
668 2502 862 2571 optimi
925 2500 1014 2555 die
1072 2502 1202 2556 Idee
1266 2501 1362 2557 des

233 2572 528 2649 §ebonem
575 2572 676 2626 das
721 2572 897 2626 worin
941 2572 1061 2627 sich
1097 2572 1197 2627 das
1233 2572 1362 2627 We·

231 2660 344 2697 sen
381 2643 478 2697 des
517 2642 774 2697 Schtinen
809 2659 883 2697 an
919 2643 1041 2697 sich
1084 2638 1147 2698 τὸ
1186 2640 1362 2698 καλὸν

237 2708 392 2767 καθ’
446 2708 588 2767 αὑτό
647 2714 841 2769 scharf
895 2713 1012 2768 und
1074 2714 1366 2769 bestimmt

237 2786 536 2854 auspi-agii,
579 2784 686 2839 wie
723 2784 822 2839 das
861 2784 1232 2853 Stampelbild
1269 2785 1371 2839 auf

231 2857 348 2911 der
381 2855 582 2910 Mflnze
596 2856 766 2924 (134);
806 2856 904 2910 der
924 2855 1190 2911 Abdruck
1226 2856 1366 2923 aller

237 2925 810 2981 eharakteristischen
847 2926 1154 2981 Merkmale
1190 2927 1250 2981 in
1288 2927 1364 2983 ei-

241 3014 382 3053 nem
419 2994 782 3052 Gesamtbild.

319 3074 372 3121 4.
425 3067 629 3123 Graece
676 3068 782 3123 wie
830 3088 875 3121 z.
914 3069 975 3122 B.
1022 3068 1258 3125 Phaedr.
1310 3088 1363 3139 p.

231 3146 356 3194 263
369 3138 434 3207 Β,
471 3138 562 3193 ein
587 3138 954 3210 bestimmtes,
981 3140 1365 3209 untriigliches

242 3208 643 3264 Kennzeichen
691 3210 826 3265 oder
859 3210 1136 3267 Merkmal
1173 3213 1363 3281 (nota).

322 3286 375 3334 8.
413 3284 480 3333 ut
513 3282 577 3335 in
613 3281 840 3353 Grageis
875 3282 944 3337 de
981 3299 1058 3337 or.
1097 3282 1192 3348 ΙΠ,
1233 3288 1320 3336 27.

321 3357 374 3405 9.
412 3352 477 3405 in
502 3353 828 3421 Ρίοέααήεᾱε
842 3370 920 3407 or.
934 3354 1114 3421 111,98
1146 3352 1367 3419 Quanto

235 3422 504 3477 colori-um
538 3424 956 3493 pulchritudine
1001 3426 1059 3479 et
1091 3424 1368 3480 varietate

243 3492 536 3549 floridiora
597 3497 727 3550 sunt
786 3495 846 3549 in
915 3494 1148 3566 picturis
1209 3494 1369 3551 novis

241 3566 524 3635 plenaque
559 3580 728 3633 quam
772 3565 833 3620 in
877 3566 1182 3621 veteribus!
1229 3582 1376 3635 quae.

241 3640 446 3691 'tamen
493 3636 715 3691 etiamsi
764 3638 942 3706 primo
995 3639 1228 3706 aspect-u
1269 3653 1372 3692 nos

244 3710 549 3775 ceperunt,
619 3707 832 3763 diutius
896 3723 1010 3763 non
1073 3708 1372 3775 delectant,

245 3795 384 3832 cum
417 3777 604 3832 eidem
647 3796 750 3835 nos
783 3777 845 3833 in
881 3779 1128 3849 antiquis
1160 3778 1374 3835 >tabulis

247 3849 356 3905 illo
400 3847 524 3918 ipso
560 3849 787 3905 horrido
824 3850 1185 3919 obsoletoque
1219 3852 1372 3906 tene-

248 3937 442 3987 amun
479 3920 708 3976 horrida
745 3928 829 3976 20.
868 3922 1082 3977 inculta
1117 3927 1202 3977 28.

330 3996 412 4045 10.
452 3991 600 4047 laeta
647 3992 752 4047 wie
801 3992 863 4047 in
910 3992 1093 4049 laetae
1143 3994 1376 4062 segetes,

248 4062 516 4131 lachen&
554 4063 760 4132 heiter3
799 4064 868 4119 de
895 4081 972 4120 or.
989 4066 1032 4134 I,
1048 4069 1114 4118 81
1135 4064 1376 4119 nitidum

191 4162 198 4169 -
250 4132 543 4201 quoddam
592 4150 766 4203 genus
826 4138 914 4191 est
973 4135 1270 4191 verborum
1318 4136 1378 4191 et

251 4205 498 4270 laetum;
551 4206 688 4275 quid
732 4212 810 4261 est
853 4222 959 4275 quo
1005 4208 1110 4262 etc.
1183 4205 1378 4261 womit

247 4277 400 4331 mast
435 4274 559 4331 sich
597 4276 720 4333 eine
757 4277 1013 4333 absolute
1049 4276 1167 4332 und
1201 4276 1375 4347 allge-

249 4346 612 4419 meingiltzige
625 4389 638 4416 ,
683 4349 1121 4405 unabanderlich
1155 4348 1375 4403 festste·

340 4438 450 4479 010.
484 4436 740 4479 ORATOR.

1460 1861 1645 1916 hendo
1661 1861 1977 1918 Vorschrift
2011 1861 2327 1930 aufstellen,
2363 1861 2469 1916 wie
2502 1861 2583 1916 sie

1463 1932 1571 1987 den
1633 1933 2155 1988 formell·fixierten
2220 1932 2587 2004 juristisohen

1461 2002 1923 2074 Bestimmungen
1976 2003 2141 2074 eigen
2188 2003 2285 2072 ist,
2344 2021 2431 2058 wo
2492 2003 2583 2058 die

1461 2074 1963 2146 Rechtsgiltn'gkeit
2025 2075 2177 2130 eines
2239 2075 2406 2130 Actes
2471 2090 2585 2129 von

1462 2146 1564 2200 der
1612 2147 1872 2216 strengen
1918 2146 2269 2216 Einhaltung
2316 2145 2434 2200 und
2477 2145 2585 2199 Βε-

1463 2217 1789 2286 obachtung
1833 2217 1933 2272 der
1977 2233 2160 2286 genau
2203 2215 2584 2286 vorgeschrie-

1465 2289 1653 2344 benen
1673 2288 1894 2344 Formel
1918 2287 2206 2359 abhangig
2228 2287 2303 2343 ist
2320 2291 2403 2343 75.
2426 2285 2583 2343 Brut.

1467 2364 1589 2415 275.
1628 2376 1750 2415 cum
1786 2363 1890 2415 etc.
1930 2361 1999 2416 de
2035 2377 2113 2416 or.
2152 2360 2247 2429 ΙΠ,
2284 2366 2369 2414 34.

1542 2437 1625 2485 12.
1663 2432 1924 2501 religione
1958 2432 2081 2485 hier
2116 2430 2468 2499 ,Bedenken‘.

1542 2507 1625 2556 15.
1672 2502 1921 2557 iudicem:
1956 2503 2058 2569 ‚als
2096 2502 2311 2557 solehes
2348 2500 2591 2556 erkannt

1469 2574 1725 2629 werden‘.
1764 2590 1806 2627 s.
1844 2572 1897 2625 d.
1934 2572 2064 2627 krit.
2102 2572 2305 2627 Anhan
2348 2612 2358 2623 .

1544 2650 1626 2698 16.
1664 2660 1891 2713 ymera.-
1927 2643 2175 2712 gemeint
2210 2642 2297 2697 sin
2374 2640 2465 2695 die
2493 2641 2587 2695 be-

1468 2714 1721 2769 kannten
1758 2720 1791 2768 3
1830 2730 2033 2783 genera.
2070 2713 2323 2779 dicendi,
2367 2712 2469 2766 das
2504 2710 2588 2764 iu·

1472 2785 1676 2840 dieiale
1726 2780 2065 2854 (δικανικόν)
2079 2827 2094 2852 ,
2156 2781 2589 2839 deliberativum

1473 2851 1969 2929 (συμβουλευτικόν
2022 2856 2157 2911 oder
2210 2856 2281 2923 δη
2323 2847 2591 2923 ηγορικόν

1474 2928 1608 2983 oder
1660 2922 2137 2995 ἔκκλησιαστικόν)
2186 2874 2323 2980 undl
2364 2926 2590 2979 demon-

1473 2998 1771 3055 strativum
1801 2992 2247 3067 (Zmdauundvk
2286 3012 2456 3066 mque
2482 2997 2589 3077 ebe.

1471 3070 1633 3125 nieht
1667 3069 1800 3125 alle
1837 3086 2046 3139 genera
2082 3068 2339 3136 (sondern
2366 3084 2471 3121 nur
2499 3065 2591 3121 die

1471 3141 1675 3196 beiden
1711 3142 1913 3209 ersten)
1959 3156 2162 3210 passen
2195 3138 2256 3194 in
2296 3136 2405 3193 den
2440 3136 2590 3191 Bah-

1473 3228 1602 3267 men
1638 3212 1791 3267 einer
1825 3212 2009 3283 Form,
2052 3210 2237 3267 hosen
2272 3208 2393 3264 sich
2426 3209 2593 3263 unter

1476 3283 1638 3337 einen
1654 3282 2093 3352 Gesichtspunkt
2115 3280 2353 3350 bringen
2366 3284 2452 3335 95.
2469 3284 2589 3335 118.

1476 3358 1733 3409 188.191.
1770 3353 1842 3409 de
1870 3370 1946 3409 or.
1970 3353 2344 3423 Π,5.47.113.
2382 3352 2595 3405 cadwnt

1550 3502 1631 3550 17.
1670 3494 2083 3551 laudativam.-
2120 3492 2299 3548 damit
2327 3490 2466 3546 wird
2494 3490 2596 3546 das

1480 3564 1645 3635 γένος
1690 3560 2131 3635 ἐγκωμιαστικόν
2157 3590 2164 3596 ·
2188 3563 2293 3632 (als
2356 3567 2595 3631 vorziig—

1478 3636 1683 3692 lichste
1718 3637 1885 3692 Form
1922 3636 2019 3691 des
2059 3628 2459 3702 ἐπιδεικτικόν)
2497 3633 2596 3687 be-

1480 3708 1735 3763 zeichnet
1770 3708 1921 3763 Part.
1958 3724 2036 3762 or.
2067 3712 2153 3760 10.
2172 3711 2254 3760 70.
2298 3704 2481 3771 Quint.
2498 3704 2595 3771 ΠΙ,

1480 3785 1533 3845 4,
1564 3785 1630 3833 12
1670 3780 1758 3835 eet-
1791 3778 1983 3848 igitur,
2018 3780 2084 3833 ut
2120 3775 2253 3845 dixi,
2290 3793 2465 3831 unum
2500 3790 2596 3845 ge-

1480 3868 1611 3917 nus,
1658 3866 1768 3919 quo
1812 3850 1936 3905 laus
1982 3864 2049 3903 ae
2092 3844 2430 3916 vituperatio
2468 3862 2597 3901 con·-

1480 3920 1707 3989 tinetur,
1753 3921 1847 3975 sed
1882 3924 1959 3975 est
1994 3920 2333 3988 appellatum
2368 3935 2407 3972 a
2434 3920 2599 3986 parte

1482 3993 1701 4047 meliore
1736 3991 2096 4047 laudativmn.
2135 3989 2209 4045 So
2238 3988 2308 4043 de
2337 4005 2413 4043 or.
2442 3988 2512 4054 II,
2528 3993 2597 4041 43

1483 4080 1617 4117 nam
1658 4061 1802 4117 illud
1846 4061 2077 4117 tertium
2122 4062 2337 4131 (genus)
2375 4090 2443 4101 --
2482 4058 2599 4113 lau-

1486 4132 1765 4200 dationes;
1826 4138 1909 4189 65.
1952 4139 2058 4188 333
2105 4132 2407 4201 praecepta
2455 4144 2599 4197 quae

1484 4204 1556 4259 de
1594 4204 1943 4260 suasionibus
1992 4202 2266 4259 tradenda
2312 4200 2444 4256 sunia
2500 4202 2602 4255 aut

1485 4276 1553 4331 de
1590 4274 2030 4341 laudationibum
2068 4279 2189 4329 340.
2226 4272 2376 4327 Part.
2406 4288 2482 4327 or.
2514 4276 2601 4326 98.
2704 4298 2707 4303 -

1485 4348 1625 4418 Top.
1664 4353 1729 4402 91
1771 4366 1811 4402 s.
1852 4347 1905 4401 d.
1942 4346 2070 4421 Infit.
2108 4344 2363 4412 Anhang.
2396 4372 2461 4383 —-
2490 4341 2610 4398 Auf

2141 4439 2175 4488 4
