2949 4647
225 243 334 328 20,
354 259 423 308 ec

233 969 302 1018 67

315 3291 453 3340 ,zur
523 3274 782 3343 Aufgabe
865 3276 1154 3344 machten,

337 78 427 144 64

1172 76 1473 133 ORATOR
1508 83 1594 132 20.
1633 83 1861 133 66-67.

583 244 738 308 Huic
783 247 990 325 generi
1032 245 1281 306 historia
1327 244 1575 306 finitima
1622 251 1733 325 est,
1776 245 1838 303 in
1885 261 2003 322 qua
2046 251 2108 303 et
2150 251 2431 306 narratur
2475 251 2687 304 ornate

349 344 412 396 et
462 337 627 416 regio
674 353 850 415 saepe
895 341 998 394 aut
1031 351 1228 413 pugna
1255 332 1633 414 describitur,
1676 334 2142 412 interponuntur
2169 333 2347 394 etiam
2374 334 2689 394 contiones

348 433 408 485 et
454 422 852 503 hortationes3
897 422 1003 483 sed
1048 425 1111 482 in
1147 421 1240 482 his
1285 430 1477 483 tracta
1522 420 1813 500 quaedam
1857 428 1919 482 et
1962 420 2157 482 fluens
2202 423 2519 502 expetitur,
2566 440 2691 482 non

341 513 489 574 haec
537 520 806 572 contorta
851 519 912 572 et
956 513 1110 572 acris
1156 512 1362 572 oratio.

519 599 608 662 Ab
653 600 746 660 bis
792 618 912 660 nou
956 599 1144 661 multo
1191 617 1368 662 secus
1405 616 1583 678 quam
1620 617 1655 658 a
1686 600 1881 678 poetis
1917 596 2063 659 haec
2106 597 2461 680 eloquentia,
2505 617 2691 678 quam
2720 617 2752 658 5

344 692 703 770 quaerimus,
758 688 1083 750 sevocanda
1129 695 1239 749 est.
1337 688 1484 748 Nam
1540 689 1719 748 etiam
1762 694 1972 766 poetae
2019 690 2433 766 quaestionem
2474 689 2690 750 attule—

339 786 502 854 runt,
549 779 830 857 quidnam
876 785 1035 838 esset
1079 775 1241 858 illud,
1297 795 1416 856 quo
1459 777 1578 855 ipsi
1622 775 1934 837 differrent
1978 775 2051 836 ab
2110 776 2466 838 oratoribus,
2567 777 2690 838 Nu-

340 886 506 929 mero
553 868 803 927 maxime
847 864 1200 926 videbantur
1245 873 1418 926 antea
1462 873 1524 926 et
1567 883 1773 926 versu:
1826 883 1987 928 nunc
2042 865 2197 944 apud
2254 873 2526 928 oratores
2571 868 2694 928 iam

341 959 470 1036 ipse
515 973 805 1017 numerus
859 954 1205 1015 increbruit.

1317 953 1619 1032 Quidquid
1672 961 1765 1014 est
1816 955 2004 1034 enim,
2068 953 2228 1032 quod
2284 953 2397 1015 sub
2450 957 2695 1016 aurium

343 1062 686 1106 mensuram
730 1043 986 1122 aliquam
1032 1043 1226 1124 cadat,
1285 1045 1516 1104 etiamsi
1572 1041 1739 1103 abest
1793 1060 1827 1102 a
1881 1060 2058 1102 versu
2114 1035 2283 1124 (nam
2338 1042 2401 1102 id
2446 1044 2693 1123 quidem

343 1135 628 1194 orationis
677 1140 768 1194 est
812 1125 1069 1214 vitium),
1114 1150 1402 1194 numerus
1447 1139 1711 1211 vocatur,
1756 1132 1861 1210 qui
1906 1129 2129 1192 Graece
2157 1123 2425 1213 ῥυθμός
2452 1131 2693 1194 dicitur.

345 1222 551 1302 ltaque
598 1221 769 1282 video
825 1223 1019 1282 visum
1074 1239 1206 1282 esse
1251 1219 1555 1282 nonnullis
1562 1268 1580 1300 ‚
1636 1218 1899 1281 Platonis
1956 1229 2019 1280 et
2061 1219 2387 1282 Democriti
2438 1220 2691 1282 locutio-

348 1329 506 1394 nem,
551 1313 665 1371 etsi
710 1309 862 1371 absit
907 1328 942 1370 a
984 1328 1189 1390 versu,
1255 1317 1453 1370 tamen
1501 1307 1659 1388 quod
1705 1310 2007 1369 incitatius
2052 1309 2281 1370 feratur
2326 1317 2389 1372 et
2434 1309 2695 1372 clarissi-

343 1402 458 1460 mis
502 1398 823 1460 verborum
867 1397 1190 1460 luminibus
1235 1406 1456 1479 utatur,
1500 1399 1701 1476 potius
1745 1414 1955 1476 poema
1991 1398 2321 1476 putandum
2366 1416 2545 1478 quam
2592 1418 2695 1460 co-

345 1491 641 1551 micorum
682 1496 1012 1568 poetarum‚
1058 1486 1215 1566 apud
1261 1504 1432 1568 quoe,
1486 1488 1604 1548 nisi
1652 1485 1809 1564 quod
1854 1485 2132 1548 versiculi
2176 1494 2347 1568 sunt,
2402 1487 2551 1548 nibil
2594 1496 2697 1550 est

345 1576 503 1638 aliud
550 1576 828 1638 cotidiani
876 1575 1158 1639 dissimile
1206 1577 1515 1638 sermonis
1614 1573 1738 1635 Nec
1794 1582 1991 1636 tamen
2046 1574 2107 1635 id
2164 1585 2259 1636 est
2309 1584 2519 1656 poetae
2564 1594 2695 1638 ma·

347 1668 590 1747 ximum,
637 1667 750 1727 etsi
795 1672 886 1726 est
931 1684 1002 1725 eo
1048 1664 1422 1742 laudabilior,
1481 1663 1641 1743 quod
1686 1665 1938 1724 virtutes
1984 1667 2237 1726 oratoris
2282 1667 2696 1747 persequitur,

423 1861 472 1908 3.
527 1855 859 1910 hortationes
902 1853 1009 1908 wie
1047 1873 1090 1907 z.
1128 1853 1189 1908 B.
1239 1853 1330 1908 die
1367 1871 1464 1908 zur

349 1923 678 1995 Tapferkeit
703 1924 1076 1980 anfeuernden
1104 1923 1466 1994 Anapi-achon

346 1997 446 2051 der
492 1996 797 2050 Feldherrn
861 2011 962 2050 vor
1015 1996 1116 2050 der
1172 1995 1463 2061 Scblacht3

346 2073 529 2123 tracta
565 2067 633 2122 de
671 2083 747 2122 or.
777 2068 846 2135 ΙΙ,
885 2073 953 2121 64
988 2083 1163 2136 genus
1201 2065 1466 2122 orationis

347 2139 536 2193 fusum
571 2140 742 2207 atque
777 2140 1038 2194 tractum.

421 2217 470 2262 4.
521 2210 651 2264 haee
697 2209 804 2263 wie
859 2209 939 2263 sie
989 2209 1087 2263 der
1122 2208 1343 2263 Redner
1385 2208 1466 2263 im

349 2297 524 2351 genus
567 2279 786 2335 forense
831 2280 1153 2348 anwendet3
1217 2285 1466 2336 contorta

347 2350 1468 2493 ἓξὲἕέἓέμὲξῖηέξέἕὲξῗῃῗἪῆ-,Ἓῖῗ

348 2496 536 2549 tracta.
581 2493 763 2549 oratio
814 2466 1138 2564 entgegen:
1171 2494 1316 2549 acris
1369 2494 1471 2549 der

352 2566 608 2634 (lenitate
645 2565 910 2635 quadam)
946 2564 1140 2621 fluens.

421 2672 483 2740 d)
572 2687 703 2727 von
790 2671 907 2727 der
978 2671 1256 2729 Diction
1353 2672 1469 2726 der

352 2742 640 2797 Dichter
675 2748 706 2808 5
743 2748 970 2799 66—68.

425 2854 475 2903 6.
529 2850 842 2918 quaerimus
881 2856 962 2909 14.
1051 2850 1131 2905 Zu
1178 2850 1288 2905 den
1332 2848 1468 2905 viel·

352 2919 571 2987 fachen,
621 2921 736 2975 bes.
787 2937 890 2975 eus
942 2920 1072 2975 dem
1117 2919 1321 2977 Gebiet
1374 2922 1472 2975 der

357 2990 638 3045 Literatur
673 2991 1103 3045 entnommenen
1121 2992 1470 3061 Problemen‚

355 3061 524 3117 deren
574 3061 802 3132 Losung
856 3060 948 3115 die
1002 3060 1295 3132 gelehrten
1357 3062 1472 3117 ale-

351 3131 780 3187 xandrinisehen
815 3132 1229 3188 Grammatiker
1263 3133 1472 3202 (Philo-

353 3204 543 3272 logen)
589 3203 704 3258 und
751 3203 920 3258 deren
963 3204 1306 3275 Nachfolger
1351 3204 1471 3259 sich

1276 3277 1471 3331 ehorte

355 3345 500 3399 auch
537 3344 628 3401 die
655 3346 836 3415 Frage
871 3346 1017 3401 nach
1052 3347 1180 3402 dem
1215 3294 1338 3403 hgier
1374 3347 1468 3402 be—

354 3414 586 3470 riihrten
656 3416 1023 3472 Untersehied
1037 3459 1056 3483 ,
1125 3418 1471 3474 namentlich

354 3504 465 3542 von
515 3487 615 3543 der
666 3487 792 3543 Zeit
846 3504 944 3557 an,
995 3488 1078 3543 als
1132 3488 1224 3544 die
1272 3490 1470 3546 Poeeie

355 3558 546 3628 selbot,
574 3558 682 3613 wie
712 3558 806 3614 bei
831 3559 941 3614 den
951 3560 1472 3617 alexandrinisohen

352 3629 640 3699 Dichtern,
663 3631 828 3687 einen
846 3630 1472 3701 gelehrt-rhetorischen

353 3698 661 3756 Charakter
695 3704 1078 3758 anzunehmen
1105 3703 1350 3774 anfieng;
1387 3708 1469 3759 at—

351 3772 598 3827 tuleram
624 3773 802 3829 heisst
825 3774 947 3830 also
975 3774 1157 3829 nichtz
1194 3774 1285 3829 die
1304 3774 1469 3829 Dich-

247 3909 256 3919 ι
352 3844 439 3897 ter
488 3843 663 3899 selbot
709 3845 896 3901 haben
945 3846 1038 3901 die
1081 3846 1264 3915 Frage
1313 3846 1471 3901 erbo·

355 3914 482 3983 ben,
519 3916 760 3971 sondern
795 3917 876 3971 sie
912 3918 1058 3973 nahe
1095 3916 1303 3987 gelegt,
1344 3933 1469 3972 ver·

354 3986 584 4041 auisset.

429 4063 478 4112 7.
534 4058 604 4111 ab
664 4056 974 4115 oratoribus
1014 4066 1099 4115 76.
1140 4064 1264 4127 182ς
1327 4060 1473 4114 inter

353 4143 409 4181 se
428 4133 702 4256 {nemea
744 4199 851 4254 wie
900 4200 995 4255 bei
1033 4200 1145 4257 Cic.
1193 4202 1368 4257 selbst
1402 4201 1472 4255 de

358 4285 434 4323 or.
457 4272 499 4337 Ι,
518 4275 586 4325 70
623 4272 710 4325 est
743 4270 1013 4326 finitimus
1052 4272 1261 4328 oratori
1286 4273 1472 4343 poeta,

359 4341 606 4397 numeris
628 4341 911 4398 astrictior
927 4343 1140 4413 paullo,
1175 4345 1474 4399 verborum

1574 1855 1765 1908 autem
1800 1851 2029 1907 lieentia.
2054 1851 2299 1921 liberior,
2336 1853 2531 1908 multis
2555 1837 2696 1910 reno

1574 1923 1808 1979 ornandi
1840 1921 2138 1994 'generibus
2174 1922 2357 1980 socius
2408 1941 2475 1979 ac
2508 1941 2697 1996 paene

1572 2012 1691 2065 par.

1647 2108 1696 2156 9.
1733 2102 2034 2156 increbruit
2053 2106 2151 2167 233
2186 2101 2287 2156 aab
2306 2102 2532 2158 amum
2548 2118 2699 2158 men-

1572 2189 1763 2228 suram
1802 2176 1894 2237 58;
1931 2173 2070 2226 iiber
2104 2171 2214 2226 den
2242 2169 2574 2242 conjunctiv
2602 2189 2700 2228 ca-

1574 2245 1674 2298 dat
1708 2261 1750 2298 s.
1794 2261 1864 2297 zu
1898 2248 1931 2308 ἓ
1969 2248 2052 2296 10.

1648 2357 1732 2406 10.
1794 2351 1859 2405 id
1940 2350 2122 2405 uidem
2184 2351 2432 2407 niimlich
2483 2350 2545 2407 in
2592 2352 2701 2407 der

1573 2424 1748 2478 Prosa.
1789 2420 1881 2476 die
1992 2424 2113 2476 orte
2164 2436 2224 2475 ιο
2280 2422 2481 2477 stellen
2496 2465 2510 2491 ,
2562 2422 2699 2479 dass

1576 2493 1666 2548 ein
1719 2491 2064 2559 formlicher,
2126 2492 2503 2562 regelrechter
2549 2494 2700 2549 Vere

1482 2586 1487 2589 ·
1577 2562 1824 2619 entsteht
1862 2563 2016 2619 194f.
2058 2566 2176 2617 189.
2198 2568 2315 2618 172.
2337 2570 2478 2632 22ος
2513 2564 2584 2621 de
2610 2582 2696 2621 or.

1576 2636 1671 2703 111,
1712 2640 1830 2689 175.
1871 2634 2100 2689 Aristot.
2137 2635 2279 2692 rhet.
2316 2636 2413 2705 111,
2453 2640 2503 2691 s.

1650 2747 1732 2798 13.
1761 2741 2050 2796 incitatius
2082 2742 2303 2809 feratur
2328 2743 2567 2810 ‚taschet
2592 2742 2697 2798 da-

1574 2812 1899 2880 mnati-fimo,
1934 2812 2380 2881 echwungvoller
2416 2814 2529 2868 sei‘.
2570 2819 2695 2872 128.

1579 2890 1700 2940 187.
1739 2889 1841 2938 199
1879 2884 2027 2954 (201)
2064 2888 2186 2937 202.
2224 2889 2347 2939 228.

1651 2996 1735 3044 14.
1786 2991 1928 3047 verb.
1981 2989 2283 3045 luminibus
2321 2996 2423 3047 135
2476 3010 2518 3047 s·
2576 2992 2695 3049 ind.

1577 3062 1816 3126 lamium
1883 3063 2207 3117 comicorum
2243 3068 2535 3131 poetarum
2572 3068 2697 3127 184.

1578 3132 1711 3189 Hor.
1751 3133 1856 3187 sat.
1890 3132 1935 3201 1,
1962 3139 2016 3201 4,
2042 3138 2111 3187 45
2126 3130 2181 3187 ff.
2219 3132 2426 3189 idcirco
2464 3132 2699 3205 quidam

1580 3203 1868 3258 comoedia
1889 3218 2063 3257 necne
2099 3220 2303 3272 poema
2332 3206 2497 3272 esset,
2526 3222 2697 3274 quae-

1578 3273 2557 3401 iffirss’erssffdnessoeiessfisffitffeff
2586 3276 2700 3402 ..ΕΞ

2518 3388 2531 3415 2

1579 3416 1732 3486 quod
1787 3416 1933 3486 pede
1992 3416 2145 3471 certo
2195 3415 2383 3472 differt
2432 3418 2695 3487 sermoni,

1578 3504 1757 3543 sermo
1794 3502 1981 3542 merus
2018 3488 2125 3541 etc.

1653 3601 1737 3651 16.
1810 3594 1873 3649 id
1932 3592 2181 3648 niimlich
2244 3593 2344 3649 das
2405 3592 2699 3651 incitatius

1577 3665 1711 3721 ferri
1764 3666 1824 3719 et
1873 3664 2197 3720 clarissimis
2241 3664 2546 3720 luminibus
2591 3667 2697 3735 uti,

1578 3738 1669 3792 die
1733 3735 2150 3806 schwungvolle
2212 3736 2327 3790 und
2388 3736 2700 3808 gliinzende

1576 3808 1820 3876 Dietion‚
1856 3824 1972 3862 was
2000 3808 2100 3862 der
2113 3806 2346 3863 Dichter
2363 3807 2554 3863 beiden
2590 3808 2701 3863 mit

1579 3880 1708 3935 dem
1734 3879 1956 3933 Redner
1990 3878 2213 3948 gemein
2248 3879 2349 3933 bat
2368 3880 2504 3949 (66);
2543 3877 2699 3935 beim

1578 3950 1811 4005 Dichter
1872 3950 1949 4004 ist
2012 3950 2111 4005 das
2182 3950 2318 4005 aber
2379 3949 2537 4005 nicht
2595 3950 2700 4006 der

1578 4021 1816 4077 hochste
1852 4020 2090 4091 Vomug.

1653 4133 1738 4183 17.
1802 4128 2033 4182 virtutes
2090 4129 2329 4183 oratoris
2382 4126 2561 4183 demit
2622 4126 2701 4183 ist

1582 4200 1720 4255 eben
1739 4199 1841 4255 der
1849 4198 2191 4255 oratorische
2200 4198 2409 4254 hohere
2419 4197 2703 4271 Schwung

1580 4270 2011 4397 ffiffnfffhmuck
2057 4270 2155 4325 der
2198 4270 2558 4340 Darstellung
2603 4287 2700 4341 ge·

2726 1063 2785 1102 10

2726 1509 2783 1550 15
